2864 4964
150 389 214 454 242
498 411 631 454 srnTt'Ts
656 412 696 454 DE
721 400 929 456 tltt‘nosEtusss

149 533 248 609 citur,
277 532 318 594 ab
352 532 491 618 antiquo
517 556 590 597 esse
620 535 833 598 consueverit
859 558 948 599 unus
980 537 1072 623 prior
1101 537 1274 617 sacerdos

150 634 291 698 honeste
315 642 348 697 et
370 632 548 697 laudabilis
567 635 649 716 vite,
667 633 820 700 habitum
840 636 1040 723 religiosum
1066 662 1204 725 gerens,
1223 640 1277 702 cui

148 755 209 819 per
224 731 477 819 predecessores
493 741 627 799 nostros
647 756 726 796 cura
741 741 774 798 et
790 733 1042 801 administracio
1060 737 1185 801 (lomus
1204 760 1277 823 pre-

149 834 237 898 dicte
266 857 304 899 ac
326 858 547 922 personarum
569 844 603 900 et
626 835 793 899 bonorum
818 837 970 924 ejusdem
995 839 1221 926 spiritualiter
1245 847 1277 902 et

150 937 381 1024 temporaliter
409 937 709 1003 committebantur
735 947 769 1003 et
794 963 854 1026 per
878 963 956 1004 cum
988 939 1274 1028 exercebalnltur.

147 1042 313 1130 quamdiu
334 1039 420 1104 bene
444 1063 480 1103 se
505 1039 675 1105 habebant
695 1064 732 1105 ea
752 1042 786 1104 in
812 1065 862 1121 ca,
886 1043 1078 1106 sacerdotes
1106 1049 1140 1106 et
1164 1043 1277 1106 clerici

151 1145 301 1230 religiosi
316 1144 350 1207 in
370 1151 461 1207 certo
480 1150 514 1206 et
530 1165 597 1207 non
613 1144 788 1206 excessivo
803 1168 957 1223 numero,
972 1145 1007 1208 in
1023 1144 1154 1231 capella
1170 1145 1276 1233 ipsius

151 1248 271 1312 domus
291 1254 388 1310 nocte
406 1252 440 1309 et
459 1245 512 1309 die
533 1246 718 1310 servientes
736 1246 882 1309 Domino
904 1247 937 1311 in
955 1247 1093 1325 divinis
1114 1270 1154 1310 ac
1170 1248 1277 1311 eciam

150 1351 238 1414 dicte
275 1350 394 1413 domus
430 1348 717 1412 administracioni
746 1349 780 1411 in
813 1348 1057 1436 temporalibus
1094 1356 1128 1413 et
1156 1349 1277 1414 ceteris

151 1452 291 1540 agendis
323 1451 473 1536 negociis
509 1451 756 1530 ministrantes,
802 1451 891 1516 sicut
934 1452 1026 1538 prior
1074 1451 1278 1538 injungebat

151 1555 290 1635 eisdem,
314 1555 372 1641 qui
392 1554 588 1638 religiosum
607 1552 786 1639 portabant
804 1552 959 1618 habitum
974 1563 1008 1618 et
1024 1553 1133 1641 ipsius
1155 1554 1277 1618 domus

150 1665 245 1722 erant
263 1657 382 1721 fratres
400 1664 433 1720 et
450 1656 576 1727 donati,
592 1678 723 1720 necnon
737 1663 771 1720 ct
786 1655 843 1719 alii
860 1656 938 1720 laici
958 1656 1156 1740 religiosum
1176 1657 1280 1721 etiam

151 1760 305 1824 habitum
325 1758 501 1835 habentes,
523 1758 703 1823 necessarii
720 1782 781 1844 pro
807 1759 1041 1845 procurandis,
1058 1757 1227 1824 faciendis
1247 1767 1280 1823 et

152 1861 308 1949 gerendis
339 1862 489 1945 negociis
520 1860 607 1924 dicte
641 1860 779 1939 domus3
810 1861 948 1924 demum
985 1884 1077 1941 vero,
1117 1862 1280 1949 religioso

154 1972 245 2028 statu
268 1962 416 2049 predicto
433 1963 641 2050 perniciose¹
660 1963 797 2041 omissa,
815 1986 874 2049 per
895 1963 1107 2050 quelmldam
1134 1963 1282 2028 abusum

151 2065 306 2130 nonnulli
321 2066 378 2150 qui
394 2065 611 2150 postmodum
627 2072 861 2129 successerunt
876 2064 1016 2128 domum
1031 2066 1143 2152 ipsam
1164 2067 1281 2131 minus

151 2167 366 2232 laudabiliter
390 2174 422 2230 et
451 2167 579 2230 utiliter
601 2166 834 2253 gubernarunt
860 2190 928 2230 non
955 2168 1027 2231 sine
1051 2168 1216 2232 scandalo
1248 2178 1283 2234 et

153 2268 347 2333 devocionis
369 2268 595 2332 diminucione
621 2269 746 2332 civium
770 2268 851 2332 ville
881 2269 1083 2333 Parisiensis
1108 2278 1142 2334 et
1171 2271 1285 2357 ipsius

153 2372 274 2435 domus
289 2369 546 2435 vehementibus
559 2371 782 2435 detrimentis,
802 2370 962 2435 Volentes
981 2371 1085 2458 igitur
1102 2373 1285 2459 premissis

152 2473 468 2539 inconvenientibus
504 2473 639 2537 obviare
673 2481 707 2537 et
744 2480 872 2537 statum
907 2473 1073 2559 ejusdcm,
1118 2475 1286 2560 prudenti

152 2576 328 2664 prehabito
361 2576 501 2639 consilio
537 2583 570 2640 et
605 2575 850 2666 deliberacione
893 2583 1038 2654 matura,
1073 2575 1117 2639 ad
1154 2577 1286 2642 bonam

152 2687 280 2743 statum
306 2679 497 2765 primevum
515 2687 549 2743 et
566 2677 772 2742 laudabilem
791 2677 1004 2741 decernimus
1029 2679 1282 2747 reducendum.

197 2783 227 2846 l.
256 2782 300 2846 Et
315 2782 423 2868 primo
439 2782 545 2868 ipsam
567 2780 741 2866 antiquam
753 2779 1004 2844 observantiam
1020 2786 1186 2867 tanquam
1206 2782 1286 2847 lau-

152 2883 299 2947 dabilem
319 2890 520 2947 renovantes
539 2883 719 2946 statuimus
740 2890 773 2946 et
793 2882 990 2946 ordinamus
1015 2883 1106 2969 quod
1128 2883 1165 2946 in
1188 2884 1284 2950 dicta

153 2987 253 3050 domo
268 3009 328 3072 per
344 3008 405 3048 nos
423 2992 456 3050 et
472 3008 684 3050 successores
700 2992 834 3047 nostros
849 2984 1048 3049 instituatur
1065 3009 1156 3049 unus
1170 3010 1286 3052 sacer-

152 3088 213 3151 dos
224 3088 281 3174 qui
294 3087 469 3150 vocabitur
482 3087 573 3173 prior
585 3093 618 3149 et
634 3085 697 3150 erit
709 3085 812 3149 frater
826 3093 859 3149 et
875 3085 1020 3150 donatus
1034 3086 1123 3151 dicte
1139 3087 1280 3167 domus,

151 3188 365 3275 portabitque
390 3187 586 3274 religiosum
605 3186 771 3265 habitum,
789 3188 948 3251 videlicet
963 3188 1067 3252 talem
1085 3212 1144 3275 per
1165 3193 1285 3257 omnia

154 3290 290 3376 qualem
314 3296 427 3375 portat
454 3290 616 3376 magister
644 3290 765 3353 domus
791 3288 853 3353 Dei
884 3290 1007 3354 Sancte
1036 3291 1224 3357 lietherine
1249 3295 1285 3359 in

152 3414 275 3476 magno
291 3392 365 3454 vico
379 3391 494 3455 Sancti
512 3391 655 3454 Dionisii
669 3391 818 3454 Parisius
831 3391 855 3469 2,
870 3399 903 3455 et
918 3391 1057 3457 habebit
1074 3417 1193 3458 curam
1208 3399 1286 3461 ani-

152 3517 284 3557 marum
304 3492 446 3557 fratrum
467 3501 500 3557 et
515 3517 668 3556 sororum
689 3516 848 3556 sanorum
869 3502 903 3558 et
922 3493 1137 3559 infirmorum
1158 3496 1286 3564 domus

152 3594 317 3683 ejusdem,
344 3618 474 3659 necnon
497 3603 530 3659 et
557 3595 892 3659 administracionem
932 3594 1100 3660 bonorum
1125 3600 1286 3666 omnium

151 3698 272 3762 domus
290 3697 450 3783 predicte,
468 3697 630 3783 quamdiu
644 3697 767 3759 vixerit
783 3704 816 3760 et
829 3696 1044 3762 laudabiliter
1061 3701 1199 3783 rexerit,
1219 3726 1285 3768 nec

183 4045 205 4088 1.
224 4041 260 4088 Le
271 4043 343 4088 texte
356 4044 434 4101 porte
445 4039 619 4110 aperniciosa

183 4109 204 4148 2.
224 4103 275 4150 Sur
287 4103 407 4163 l'lrbpital
424 4101 676 4150 Sarute-Catherinc
687 4115 720 4148 on
732 4103 797 4162 peut
812 4101 872 4147 voir
887 4100 986 4148 l'c'tudc
1002 4102 1111 4163 publice
1127 4119 1178 4166 par
1190 4106 1282 4156 Bnele

150 4179 182 4211 en
198 4170 255 4211 1890
269 4169 295 4212 ct
311 4165 334 4211 la
352 4165 441 4211 notice
454 4179 506 4225 que
522 4179 590 4210 nous
601 4163 637 4209 lui
654 4178 739 4209 avons
751 4162 895 4209 consacree
908 4164 975 4210 dans
990 4164 1028 4210 les
1041 4163 1243 4217 Maisous-Dieu
1257 4174 1283 4218 et

154 4225 313 4287 leproseries
327 4226 362 4274 du
376 4226 480 4273 diocese
492 4225 524 4273 de
537 4225 622 4284 Paris,
637 4241 663 4286 p.
676 4228 791 4274 all-222.
