2864 4964
239 409 259 473 2
558 432 599 475 ur:
622 431 847 477 trasumenus
871 430 1038 476 recreatu

240 573 299 611 nue
314 553 391 610 dans
406 552 450 610 les
463 555 701 631 congregations
712 552 892 629 regulieres,
907 553 1070 634 reputares
1082 551 1364 636 congregationes,

239 645 327 704 telles
344 667 404 726 que
417 645 509 705 celles
524 647 601 704 dont
619 668 698 705 nous
713 645 858 727 publions
876 647 920 705 les
933 653 1057 717 statute,
1079 654 1111 706 et
1132 647 1177 706 les
1194 646 1365 706 desordres

238 739 312 819 qu'il
336 738 454 815 signale
475 739 621 798 devaient
642 742 728 799 avoir
755 746 879 798 snrtout
896 761 976 820 pour
998 740 1118 800 theatra
1145 741 1190 799 les
1205 739 1364 800 Maisons-

239 832 318 891 ltieu
331 831 371 890 de
384 853 443 913 peu
460 833 694 914 d'importanre‚
710 834 892 892 soustraites
909 837 925 892 a
938 832 965 892 la
976 834 1151 893 contrainte
1168 833 1263 893 d’une
1274 833 1364 912 rtgle

237 925 413 1001 religieuse.
434 926 477 985 les
489 925 736 985 etablissements
748 925 945 1007 hospitaliers
958 926 1012 985 des
1023 927 1136 1007 petites
1153 926 1243 987 villes
1259 934 1292 986 et
1305 926 1364 987 des

237 1038 434 1099 campagnes,
454 1018 579 1093 diriges,
599 1040 679 1100 pour
691 1019 852 1099 employer
869 1018 913 1078 les
931 1018 1127 1100 expressions
1146 1018 1189 1078 du
1206 1019 1363 1100 prologue

237 1112 312 1171 dela
325 1112 407 1189 segle
423 1113 461 1172 de
474 1114 602 1193 'l‘royes
616 1113 736 1192 pardos
748 1138 762 1167 (ι
776 1113 918 1172 maistres
929 1120 959 1172 et
975 1133 1101 1189 sergens
1111 1113 1164 1193 qui
1179 1100 1364 1193 yvierinent

238 1206 452 1266 tranchement
478 1215 577 1287 quant
600 1206 621 1265 il
647 1208 714 1266 leur
735 1204 837 1288 plaist‚
864 1214 895 1267 et
917 1207 1133 1266 franchement
1154 1208 1220 1266 s'en
1242 1215 1365 1289 pucent

237 1300 375 1381 departir
390 1327 416 1361 a.

282 1584 369 1649 Sunt
393 1583 531 1669 insuper
554 1582 618 1647 alie
640 1590 710 1647 tam
732 1582 883 1648 virorum
908 1606 1010 1669 quam
1035 1583 1215 1648 mulierum
1244 1584 1363 1650 seculo

237 1686 508 1751 renunciantiunr
531 1693 565 1749 et
589 1685 788 1772 regulariter
811 1685 845 1748 in
875 1684 1032 1749 domibus
1054 1685 1279 1773 leprosorum,
1304 1688 1363 1752 vel

237 1787 463 1873 hospitalibus
489 1810 688 1874 pauperum,
713 1787 915 1867 viventium,
938 1786 1065 1875 absque
1089 1788 1307 1853 estimatione
1328 1796 1364 1854 et

236 1914 377 1954 numero
397 1897 488 1954 certo
509 1890 541 1953 in
562 1890 720 1955 omnibus
734 1890 928 1956 Occidentis
947 1890 1154 1976 regionibus
1170 1913 1362 1978 congrega-

237 1993 357 2073 tiones,
386 1993 592 2079 pauperibus
616 2000 650 2057 et
671 1992 815 2056 inlirnris
839 1992 1013 2057 humiliter
1037 2000 1071 2056 et
1096 1993 1217 2058 devote
1237 1993 1362 2060 minis-

235 2103 375 2160 trantes.

280 2198 409 2261 Vivunt
419 2204 532 2262 autem
544 2198 730 2262 secundum
742 2198 849 2261 sancti
857 2198 1043 2284 Augustini
1054 2197 1218 2285 regulam,
1229 2198 1362 2286 absque

235 2299 370 2386 proprio
392 2307 425 2363 et
450 2300 483 2362 in
508 2300 680 2363 communi
703 2300 765 2365 sub
786 2299 888 2364 unius
910 2299 1048 2388 majoris
1075 2299 1287 2379 obedientia3
1311 2309 1359 2383 et,

235 2402 353 2466 habitu
382 2402 526 2487 regulari
555 2409 726 2488 suscepto,
752 2409 952 2488 perpetuam
980 2401 1126 2466 Domino
1152 2402 1363 2488 promittunt

234 2505 488 2570 continentiam.

279 2607 439 2672 Seorsum
477 2615 591 2673 autem
629 2607 694 2670 viri
730 2614 763 2671 et
796 2629 952 2671 seorsum
979 2606 1116 2689 femine,
1151 2630 1230 2672 cum
1264 2611 1360 2674 omni

234 2710 421 2775 reverentia
455 2717 489 2774 et
522 2710 688 2791 castitate,
718 2709 891 2773 dormiunt
928 2716 962 2773 et
992 2710 1209 2776 manducant.
1245 2711 1360 2777 Horas

233 2820 347 2877 autem
362 2813 551 2890 canonicas
567 2820 733 2898 quantum
746 2811 991 2897 hospitalitatis
1012 2813 1164 2878 studium
1178 2820 1212 2876 et
1226 2836 1360 2901 paupe-

233 2939 309 2979 rum
336 2915 462 2980 Christi
493 2915 719 2979 ministerium
746 2914 962 3001 permittunt⁷
995 2913 1116 2980 diebus
1146 2922 1180 2980 et
1198 2916 1362 2983 noctibus

233 3017 348 3080 audire
365 3040 431 3080 non
447 3017 620 3081 omittunt.

278 3118 316 3182 ln
346 3118 504 3183 domibus
530 3126 657 3200 autem,
685 3119 719 3182 in
749 3118 875 3204 quibus
901 3120 1010 3206 major
1033 3127 1085 3184 est
1111 3129 1301 3186 conventus
1324 3131 1360 3188 et

232 3222 444 3286 numerosior
463 3220 606 3286 fratrum
626 3228 659 3285 et
682 3245 836 3286 sororum
856 3223 1085 3309 congregatio,
1103 3223 1297 3311 frequenter
1322 3225 1358 3289 in

232 3324 381 3410 capitulo
395 3324 438 3387 ad
456 3323 656 3416 corigendas
671 3323 942 3410 delinquentium
957 3324 1194 3410 negligentias
1216 3326 1272 3390 vel
1293 3350 1359 3414 pro

232 3426 307 3490 aliis
326 3427 524 3491 necessariis
537 3433 570 3490 et
583 3424 735 3492 honestis
755 3427 877 3509 causiS,
898 3436 1158 3514 congregantur.
1176 3428 1360 3495 Lectiones

232 3529 335 3593 etiam
348 3529 539 3594 divinarum
558 3529 812 3616 Scripturarum
831 3530 1043 3617 plerumque,
1061 3530 1143 3596 dum
1158 3531 1360 3599 reficiuntur

231 3654 383 3718 corpora,
415 3632 479 3696 sibi
504 3631 633 3697 faciunt
656 3633 807 3713 recitare,
831 3632 866 3695 in
890 3632 1066 3697 refectorio
1094 3640 1128 3698 et
1151 3633 1228 3698 aliis
1253 3636 1359 3701 certis

231 3733 314 3798 locis
334 3741 368 3798 et
394 3733 486 3799 horis
510 3734 708 3798 constitutis
731 3734 905 3799 silentium
929 3734 1160 3801 observantes
1188 3735 1358 3803 Homines

230 3843 345 3900 autem
366 3836 518 3899 intirmos
537 3836 593 3900 vel
613 3836 765 3923 hospites
788 3859 900 3919 sanos,
923 3861 1009 3924 quos
1035 3837 1070 3901 in
1097 3837 1256 3905 domibus
1283 3840 1358 3906 suis

230 3938 433 4023 suscipiunt,
463 3945 636 4025 separatos
664 3961 683 4002 a
713 3939 915 4005 mulieribus
940 3940 1144 4006 manducare
1166 3940 1296 4006 faciunt
1321 3949 1358 4007 et

230 4040 389 4106 dormire.

276 4142 449 4228 Capellani
461 4150 573 4206 autem
587 4163 703 4205 eorum
715 4165 792 4206 cum
804 4143 896 4207 omni
913 4143 1105 4209 humilitate
1123 4150 1156 4208 et
1173 4145 1357 4213 devotione

230 4245 436 4332 pauperibus
463 4253 496 4308 et
514 4243 657 4307 inlirntis
680 4242 715 4304 in
738 4244 973 4329 spiritualibus
995 4246 1229 4312 ministrantes
1248 4249 1355 4314 verbo
