2864 4964
416 412 698 456 emur-emunim
732 412 773 456 oa
801 413 960 457 salernas
1186 394 1245 458 221

123 533 311 597 solidorum
327 533 381 598 die
405 533 625 598 anniversarii
643 533 828 613 Guillelmi‚
847 534 1049 599 vicedomini
1065 535 1252 600 Carnoten-

124 636 171 700 sis
187 635 209 701 ¹.
235 635 322 700 ltem
348 635 521 700 habebunt
550 659 653 699 unam
682 636 884 722 pictanciam
919 637 1036 701 decem
1067 637 1252 701 solidorum

123 738 362 826 parisiensium
390 738 444 802 die
475 738 697 802 anniversarii
721 738 849 803 Mathai
889 739 930 802 de
970 739 1131 804 Milliaeo
1166 739 1251 803 ltem

123 840 298 905 habebunt
312 863 415 904 unam
430 841 632 928 pictanciam
648 840 810 927 tringinta
825 840 1011 905 solidorum
1024 841 1078 905 die
1093 842 1251 906 anniver-

124 943 203 1006 sarii
222 942 356 1007 Teberti
372 942 414 1007 de
437 942 738 1008 Munteleherieo‘a
761 942 847 1006 ltem
869 942 1040 1008 habebunt
1062 966 1164 1007 unam
1182 945 1251 1031 pie-

123 1045 270 1109 taneiam
290 1044 512 1132 quadraginta
542 1045 727 1108 solidorum
753 1044 806 1109 die
831 1045 1050 1109 anniversarii
1076 1045 1247 1132 Symonis,

123 1146 279 1211 eamdam
299 1146 426 1210 domini
442 1147 605 1211 Puissiaci
628 1154 661 1210 et
678 1146 880 1210 vicedomini
895 1147 1113 1212 Caruotensis
1125 1149 1149 1228 3,
1165 1172 1250 1235 quos

122 1249 346 1336 quadraginta
371 1248 497 1312 solidos
521 1250 679 1313 mulieres
704 1248 792 1313 dicte
816 1248 937 1313 domus
961 1250 1078 1315 dieunt
1100 1250 1142 1314 ad
1159 1250 1250 1337 ipsas

121 1351 303 1438 pertinere.
324 1351 506 1417 Habebunt
528 1352 629 1416 etiam
650 1375 710 1438 pro
728 1352 893 1438 pictaneia
919 1358 1027 1417 totam
1050 1353 1249 1441 peccuniam

122 1453 166 1518 ad
178 1461 337 1518 truncum
355 1455 529 1519 annuatim
545 1455 795 1520 obvenientem.
812 1455 856 1518 Et
875 1453 937 1518 hec
956 1456 1069 1519 omnia
1082 1454 1252 1520 debebant

122 1554 246 1619 habere
261 1555 342 1620 dieti
359 1554 479 1620 fratres
500 1579 561 1642 pro
585 1556 762 1643 pictanciis
784 1563 862 1620 ante
883 1564 1018 1645 tempus
1043 1557 1251 1643 presentium

123 1656 313 1721 litterarum
329 1663 363 1721 et
376 1665 528 1743 tempore
542 1656 760 1722 consectionis
776 1658 982 1723 earumdem.

525 1909 573 1971 De
597 1908 708 1970 divino
728 1909 845 1992 officio,

168 2103 223 2169 32.
251 2103 373 2168 Clerici
397 2103 520 2168 facient
539 2103 693 2167 divinum
716 2103 863 2166 cilicium
892 2102 951 2168 tali
972 2103 1073 2167 modo
1098 2122 1104 2169 :
1130 2102 1248 2168 omnes

121 2213 266 2293 surgant
282 2205 325 2270 ad
344 2206 528 2270 matutinas
548 2205 588 2269 de
608 2212 706 2270 nocte
730 2229 748 2269 a
771 2205 857 2269 festo
873 2204 1034 2270 Omnium
1054 2213 1247 2270 sanctorum

120 2331 230 2395 usque
251 2308 295 2373 ad
314 2308 607 2372 Resurrectionem
624 2307 772 2389 Domini,
795 2308 870 2372 aliis
890 2315 1002 2372 autem
1024 2307 1246 2395 temporibuS,

122 2433 258 2475 summo
283 2433 393 2474 mane.
431 2411 473 2474 Et
498 2410 619 2474 missas
644 2409 846 2483 eelebrentl,
876 2416 976 2496 prout
1005 2417 1056 2474 est
1080 2410 1249 2498 ¹hactenus

122 2520 336 2592 consuetum,
354 2511 512 2577 videlicet
533 2512 683 2599 qualibet
703 2512 757 2576 die
781 2536 883 2576 unam
908 2513 1048 2576 missam
1070 2536 1146 2576 cum
1171 2520 1250 2577 nota

121 2639 185 2703 pro
210 2615 380 2680 defunctis
406 2622 440 2679 et
464 2615 566 2679 aliam
585 2615 626 2678 de
649 2616 751 2679 Beata
772 2616 912 2702 Virgine
931 2622 963 2679 et
988 2638 1146 2701 magnam
1169 2615 1252 2679 mis-

122 2741 197 2782 sam
208 2717 250 2782 de
266 2717 319 2781 die
330 2717 385 2781 vel
396 2717 437 2781 de
449 2716 547 2797 festo,
566 2724 598 2782 et
611 2716 745 2803 vigilias
759 2740 819 2803 pro
831 2716 1000 2781 defunctis
1016 2717 1050 2779 in
1066 2718 1249 2798 communi,

122 2820 190 2885 nisi
200 2820 236 2883 in
251 2818 379 2907 vigiliis
393 2819 637 2906 Apostolorum
653 2826 686 2884 et
701 2820 777 2883 aliis
791 2819 886 2883 lestis
901 2819 1133 2905 solempnibus
1150 2827 1183 2885 et
1199 2820 1252 2884 die

123 2921 270 2988 sabbati.

170 3025 224 3091 33.
252 3025 379 3091 Omnes
392 3048 471 3088 vero
482 3031 552 3088 tam
568 3024 687 3089 fratres
703 3048 804 3112 quam
820 3033 1045 3106 s01¹ores‚tanr
1061 3024 1133 3088 sani
1148 3048 1250 3110 quam

155 3306 178 3348 1.
197 3300 226 3348 E.
239 3301 273 3347 de
286 3299 426 3372 L'Epinois
440 3299 517 3360 illisi.
531 3301 563 3348 de
576 3300 714 3357 Clrartrcs,
725 3303 743 3347 l.
759 3300 791 3358 ll,
808 3316 833 3362 p.
847 3301 902 3361 ola)
916 3301 969 3347 eilc
983 3301 1116 3362 plusieurs
1129 3300 1250 3346 vidames

121 3363 159 3410 du
172 3378 236 3410 nom
249 3363 283 3409 de
296 3362 457 3410 Gmllaume.

155 3431 178 3474 2.
197 3425 230 3473 N.
244 3439 303 3487 acq.
315 3425 361 3472 lat.
376 3430 429 3484 608,
450 3441 475 3487 p.
493 3428 506 3469 3
518 3439 547 3471 :a
568 3425 698 3472 liulcndis
710 3425 852 3472 decenbris
866 3425 936 3472 obiit
948 3425 1082 3472 'sebertus
1095 3425 1127 3472 de
1147 3425 1252 3472 Monte·

121 3487 219 3547 lehari,
233 3487 320 3545 miles,
334 3488 380 3549 qui
394 3488 469 3534 dedit
485 3486 615 3534 fratribus
636 3488 755 3534 decimas
778 3488 811 3534 de
831 3487 999 3547 Procsvilla,
1015 3488 1048 3534 de
1067 3487 1208 3534 lloesrilla
1226 3490 1253 3534 et
1342 3492 1345 3496 '

122 3549 300 3598 Chenanvilla
313 3551 341 3597 et
359 3565 396 3596 ιιιι
411 3549 494 3597 libras
507 3563 604 3596 census
620 3549 647 3596 in
668 3549 731 3596 villa
745 3550 916 3609 Carnotensi,
934 3565 984 3612 pro
995 3564 1049 3611 quo
1066 3549 1201 3597 debentur
1219 3549 1252 3596 ad

122 3612 209 3661 altare
221 3611 314 3660 Sancti
333 3611 455 3660 Nicholai
476 3627 504 3658 ιιι
525 3611 607 3659 misse
627 3612 751 3673 qualibet
763 3611 923 3673 septimana,
938 3622 976 3671 11¹,
990 3621 1047 3671 ιιιι·,
1064 3621 1092 3658 v⁸
1106 3611 1171 3659 seria
1184 3614 1212 3659 ct
1225 3612 1253 3659 in

123 3675 244 3723 adventu
257 3677 285 3722 et
298 3674 515 3736 quadragesima,
534 3689 587 3722 una
600 3689 770 3735 quacumque
787 3674 829 3721 die
845 3694 865 3720 ι.

154 3742 177 3785 3.
196 3737 288 3785 Simon
307 3737 340 3784 de
360 3737 519 3795 Rochclort,
530 3746 552 3782 s‘
571 3737 607 3784 (lu
626 3736 727 3795 puiset,
749 3738 866 3783 ricornte
882 3737 914 3784 de
927 3736 1066 3784 Clrartres.
1079 3737 1112 3785 N.
1128 3751 1187 3798 acq.
1203 3735 1250 3783 lat.

123 3803 180 3859 608,
197 3815 223 3862 p.
243 3803 256 3846 1
276 3813 282 3846 ε
306 3818 317 3841 ι
341 3799 417 3846 Ydus
442 3798 501 3860 julii
525 3799 738 3845 anniversarium
761 3799 888 3861 Symonis
918 3800 951 3846 dc
972 3799 1068 3860 Ruppc
1087 3799 1151 3846 forti
1178 3797 1252 3845 vicc-

122 3862 232 3910 comitis
245 3861 427 3920 Carnctensis‚
444 3862 477 3909 dc
491 3860 568 3922 cujus
582 3859 837 3908 beneficio'habent
859 3861 956 3908 fratres
970 3862 1064 3909 decem
1082 3861 1165 3908 libras
1178 3860 1252 3921 pari-

122 3923 253 3972 siensium
262 3924 334 3986 apud
347 3923 509 3981 Puisiacum‚
526 3924 672 3984 pitanciam
682 3925 709 3970 et
725 3924 938 3971 anniversarium
951 3924 1021 3971 festo
1035 3923 1128 3971 Sancti
1140 3921 1250 3969 Martini

122 3985 245 4035 estivalis
266 4006 287 4034 ι,
306 3986 418 4048 D’aprds
437 3987 484 4033 des
506 3986 735 4033 aclestranscrits
758 4001 810 4033 aux
829 3986 875 4032 sol.
900 3990 928 4032 77
944 3988 971 4034 ct
987 3990 1015 4033 82
1039 3987 1076 4032 du
1099 3983 1250 4033 Cartulairc

121 4056 214 4109 rouge,
229 4064 259 4098 ce
272 4048 374 4106 Simon,
391 4051 462 4096 mort
481 4052 563 4096 avant
585 4052 653 4106 1251,
668 4047 734 4095 dtait
747 4049 855 4110 perede
873 4048 935 4105 Gui,
951 4049 1054 4109 evaque
1067 4049 1100 4095 dc
1118 4049 1246 4106 Langres,

122 4114 152 4159 ct
164 4112 237 4160 avait
250 4111 320 4158 deux
334 4115 424 4158 autres
434 4110 484 4168 fila,
496 4111 573 4166 Jean,
586 4109 752 4158 archidiacre
763 4112 796 4158 dc
811 4111 906 4168 Bauct
919 4111 1052 4168 (lanchen
1065 4118 1086 4157 ε’
1096 4111 1132 4157 du
1148 4109 1248 4156 Puisct.

123 4173 165 4222 Cf.
179 4173 208 4221 Ε.
222 4174 256 4221 dc
269 4173 421 4235 L'Epinois‚
434 4172 502 4221 Hist.
517 4173 549 4220 de
563 4173 701 4231 Charmae,
717 4175 738 4220 t.
757 4173 789 4231 ll,
803 4189 829 4235 p.
845 4177 898 4220 612.

156 4238 179 4285 4.
197 4235 233 4285 Le
246 4234 395 4285 Cartulairc
408 4250 491 4297 rouge
503 4237 581 4297 porte
595 4233 743 4283 celebrant.
