2828 4956
479 409 674 473 norun-ome
700 428 740 473 un
763 426 931 472 saur-ron
1200 404 1262 470 123

192 550 245 617 19.
272 551 476 637 Fragmenta
497 574 562 639 que
578 559 779 639 supererunt
799 551 840 615 dc
860 574 976 617 mensa
999 549 1264 638 presbiterorum

142 661 178 719 et
193 677 346 719 sororum
359 653 502 719 clericus
520 653 681 740 magistro
695 661 728 719 et
746 654 907 738 magistre
919 655 923 740 l
933 654 1078 740 allerat}‚
1092 660 1130 717 ut
1142 653 1266 737 magis·

140 764 195 822 ter
211 756 416 845 pauperibus
436 758 528 821 sanis
545 779 582 820 ea
598 756 778 822 distribuat
795 780 835 821 ne
852 756 981 844 aliquid
1001 756 1159 844 depereat
1179 755 1261 843 quin

141 866 256 927 totum
270 860 305 924 in
324 883 408 925 usus
427 883 613 947 pauperum
629 844 840 947 expendatur
856 860 877 925 ¹.

187 962 244 1028 20.
271 963 430 1029 Extranei
448 963 481 1027 in
502 963 677 1027 refectorio
696 963 836 1028 fratrum
853 986 920 1027 non
940 961 1130 1036 comedant,
1149 970 1207 1026 aut
1227 961 1261 1025 in

140 1066 341 1131 dormitorio
379 1066 549 1131 dormiant
577 1065 784 1144 eorumdem,
813 1072 847 1130 et
875 1066 922 1130 sic
952 1065 993 1130 de
1022 1065 1199 1130 refectorio
1228 1070 1262 1127 ct

140 1169 341 1233 dormitorio
350 1192 503 1233 sororum
515 1177 675 1234 caveatur
687 1169 712 1235 ².
724 1168 912 1234 Extraneos
926 1176 1039 1233 antem
1048 1175 1082 1233 et
1090 1174 1266 1233 extraneas

140 1295 317 1352 vocamus,
335 1272 392 1359 qui
408 1295 476 1336 non
493 1280 574 1337 sunt
590 1271 630 1336 de
650 1272 794 1358 collegio
812 1271 1001 1359 hospitalis.

186 1373 244 1440 21.
271 1374 465 1456 presbiteri,
502 1374 656 1455 clericus,
687 1376 842 1440 conversi
881 1383 913 1439 et
953 1398 1116 1441 converso
1155 1372 1265 1439 tribus

140 1477 265 1543 diebus
284 1478 319 1542 in
338 1477 538 1553 hedomada,
561 1478 614 1543 die
639 1479 756 1543 martis
780 1477 949 1553 videlicet,
971 1478 1025 1542 die
1043 1477 1134 1565 jovis
1155 1484 1188 1542 et
1207 1476 1261 1541 dic

140 1580 312 1645 dominica
334 1588 467 1646 tantum
491 1588 670 1645 vescentur
689 1580 846 1646 carnibus
867 1589 901 1645 et
920 1580 996 1645 aliis
1014 1580 1134 1645 diebus
1159 1579 1264 1645 absti-

140 1683 285 1764 nebunt,
302 1684 370 1748 nisi
391 1683 573 1758 Nativitas,
597 1684 814 1765 Circoncisio,
837 1685 1015 1773 Apparitio
1039 1684 1187 1758 Domini,
1207 1689 1266 1747 aut

142 1785 270 1852 festum
282 1785 443 1851 Omnium
457 1793 654 1852 sanctorum
669 1787 749 1851 feria
760 1787 906 1851 secunda
917 1793 1103 1874 autquarta
1113 1786 1262 1863 veniant,

142 1895 178 1955 ct
191 1896 272 1955 tunc
282 1896 421 1977 propter
435 1889 686 1955 solemnitatem
702 1890 780 1969 diei,
797 1890 957 1955 carnibus
970 1896 1130 1980 poterunt
1144 1889 1194 1954 uti
1212 1889 1264 1954 bis

145 1991 264 2058 diebus
278 1993 302 2058 ³.

189 2094 242 2160 22.
270 2097 320 2160 De
353 2096 519 2161 camelino
548 2096 656 2161 bruno
683 2096 871 2161 vestientur
899 2118 905 2163 :
938 2095 1136 2184 presbiteris
1162 2118 1265 2160 unam

150 2197 260 2263 robam
280 2199 433 2264 clausam
452 2199 487 2263 in
500 2206 597 2264 antea
613 2199 654 2263 de
674 2199 807 2287 agnulis
827 2199 1005 2279 fouratam,
1023 2206 1057 2264 ct
1071 2222 1173 2263 unam
1187 2222 1266 2286 cap-

150 2324 222 2388 pam
246 2302 397 2367 clausam
425 2308 459 2366 et
488 2325 591 2367 unam
618 2302 784 2390 pelliciam
811 2302 851 2366 de
877 2302 1023 2387 agnulis,
1050 2325 1128 2366 cum
1156 2300 1265 2367 tribus

153 2404 279 2490 paribus
313 2405 530 2470 camisiarum
556 2412 590 2471 et
621 2404 828 2487 braccarum,
863 2413 897 2471 et
921 2405 1005 2470 duas
1034 2404 1198 2475 almucias
1224 2405 1265 2471 dc

154 2527 252 2592 panno
271 2509 370 2595 nigro
390 2509 523 2598 agnulis
538 2508 687 2573 fouratas
702 2508 905 2574 habentibus
925 2508 1083 2594 singulis.

194 2608 240 2675 23.
267 2611 425 2705 Totidem
454 2610 592 2676 habebit
615 2610 769 2692 clericuS,
796 2619 936 2698 excepta
961 2634 1079 2699 cappa,
1106 2611 1166 2676 sed
1190 2609 1265 2676 loco

162 2733 248 2800 cappe
268 2712 406 2779 habebit
424 2713 641 2780 talerieiun14
660 2738 779 2780 unum.
798 2715 945 2779 Tantum
964 2713 1102 2779 babebit
1122 2713 1266 2802 quilibet

164 2835 328 2882 conversus
345 2825 511 2904 quantum
528 2818 682 2898 clericus,
700 2825 734 2882 ct
751 2824 883 2882 tantum
898 2840 1029 2881 sorores
1044 2817 1142 2906 juxta
1157 2840 1265 2902 genus

164 2937 254 3001 suum,
293 2927 435 3009 excepto
470 2921 561 3009 quod
594 2921 667 2985 loco
698 2944 802 3009 cappe
839 2927 873 2985 et
915 2920 1057 2985 talericii
1092 2919 1266 2985 habebunt

167 3023 325 3088 mantellos
354 3023 395 3088 de
423 3023 558 3109 agnulis
589 3023 714 3090 soratos
745 3031 779 3089 et
810 3024 918 3089 factos
943 3023 1130 3088 secundum
1157 3046 1265 3108 genus

168 3121 330 3211 religionis,
348 3127 475 3191 nevela
496 3127 592 3213 nigra
610 3150 712 3215 supra
729 3127 838 3214 capita
859 3151 920 3192 sua
936 3114 1173 3215 deportabunt.

200 3223 244 3293 tl.
272 3229 321 3292 De
339 3230 568 3294 calceamento
590 3237 704 3295 autem
729 3238 762 3295 ct
780 3230 855 3294 aliis
875 3230 1083 3295 indumentis
1107 3252 1173 3316 que
1198 3252 1265 3293 non

168 3329 413 3418 specifilclantur
444 3331 623 3420 disponent
655 3334 695 3397 de
725 3332 866 3397 consilio
900 3341 1015 3397 nostro
1043 3333 1205 3418 magister
1232 3338 1266 3396 et

168 3431 319 3515 magistra.

202 3530 245 3598 25.
270 3536 408 3601 Fratres
428 3538 575 3602 camisiis
602 3539 729 3604 suiset
752 3538 881 3604 braccis
906 3538 1015 3604 induti
1039 3538 1208 3602 dormient
1232 3545 1265 3603 et

165 3631 313 3724 jacebunt,
336 3651 370 3709 et
390 3667 521 3709 sorores
537 3644 570 3710 in
584 3646 733 3711 camisiis
746 3648 768 3712 5.

173 3827 1264 3854 *ffl—

196 3959 213 4005 1.
227 3959 326 4012 Statuts
338 3966 372 4012 dc
383 3965 466 4024 Paris,
480 3967 530 4015 art.
546 3971 583 4014 53.

197 4021 213 4066 l.
227 4021 324 4075 Statuts
335 4025 482 4087 d'Amiens,
497 4031 547 4077 art.
566 4035 604 4077 32.

196 4083 214 4129 3.
228 4085 324 4136 Statuts
338 4088 484 4150 d’Amiens,
497 4094 548 4139 art.
562 4096 600 4140 37.

196 4144 213 4192 l.
228 4147 257 4196 La
269 4151 370 4200 lecture
383 4153 416 4200 dc
426 4168 456 4200 ce
470 4156 527 4201 mot
540 4157 581 4201 cst
594 4155 725 4202 doutense
739 4156 805 4202 dans
818 4157 841 4203 lc
853 4159 1009 4205 manuscrit.
1024 4158 1043 4204 ll
1059 4157 1135 4219 s'apit
1148 4159 1265 4207 ‹ividem-

167 4211 228 4255 ment
237 4212 293 4260 d'un
310 4215 449 4263 vttement
458 4215 529 4278 long,
542 4217 706 4265 descendant
714 4216 856 4279 jusqu'aux
866 4219 951 4280 picds.

196 4269 214 4316 5.
228 4270 325 4324 Statuts
337 4276 485 4337 d’Amiens,
497 4282 547 4327 art.
562 4283 600 4327 31.
