2864 4964
422 459 623 504 neumarum
646 461 686 504 nn
709 459 917 507 cnarnaunun
1159 441 1221 506 193

93 583 188 648 exire
208 605 271 648 nec
299 581 427 648 curiam
454 605 613 647 sanorum
633 583 770 666 intrare,
798 583 863 647 nisi
888 583 990 648 fuerit
1012 606 1031 648 a
1058 584 1221 669 magistro

92 693 251 752 vocatus.
328 707 330 713 ·

144 787 175 855 7.
203 786 367 875 Quisquis
397 787 469 852 sine
497 787 634 853 licentia
659 788 714 854 vel
741 789 917 855 vocatione
947 789 1100 878 magistri
1131 789 1221 854 exire

93 890 355 980 presumpserit,
373 890 555 956 sustinebit
577 914 639 979 pro
654 899 749 958 reatu
769 916 830 958 suo
848 892 975 957 ordinis
992 892 1218 980 disciplinam.
1242 904 1244 909 '

144 993 175 1060 8.
203 994 371 1082 Leprosos
385 993 531 1058 advenas
553 993 748 1061 ebriositate
771 996 828 1061 vel
847 994 1102 1083 girovagatione
1125 1002 1222 1060 nota-

93 1096 183 1162 biles
203 1096 294 1161 idem
309 1095 472 1182 magister
486 1095 625 1160 minime
640 1097 811 1162 tenebitur
820 1098 997 1186 hospitari,
1008 1121 1070 1163 nec
1080 1098 1115 1161 in
1130 1121 1222 1185 pere-

93 1199 288 1288 grinatione
305 1203 437 1281 euntes,
456 1198 522 1263 nisi
538 1199 692 1286 magistri
704 1201 757 1266 sui
773 1224 889 1266 secum
906 1201 1036 1266 litteras
1044 1201 1222 1288 deportent

94 1303 154 1368 vel
168 1303 258 1367 bona
274 1301 387 1390 opinio
404 1325 521 1366 eorum
539 1301 641 1367 fuerit
660 1309 739 1368 nota
754 1303 795 1370 ei.
861 1285 864 1293 ¹

143 1403 174 1471 9.
201 1405 343 1490 Ignotos
371 1411 486 1469 autem
515 1405 667 1492 leprosos
690 1429 751 1494 per
778 1407 891 1471 locum
917 1407 1017 1471 illum
1041 1406 1221 1471 transitum

95 1503 262 1570 facientes
281 1502 420 1591 recipiet
438 1525 506 1568 una
522 1510 631 1568 nocte.

143 1605 197 1672 10.
225 1605 390 1692 Magistro
419 1605 542 1670 domus
565 1605 714 1695 predicte
734 1607 849 1673 licebit
873 1631 1008 1697 semper
1031 1607 1154 1672 habere
1180 1607 1222 1671 de

95 1704 231 1770 meliori
250 1704 330 1770 vino
355 1703 476 1787 domus
496 1704 532 1768 in
546 1704 683 1792 proprio
699 1705 834 1770 cellario
860 1707 927 1771 duo
952 1706 1055 1789 dolia,
1077 1728 1221 1793 quorum

94 1814 282 1895 utrumque
302 1829 409 1894 capax
424 1808 468 1872 sit
492 1814 637 1895 quatuor
657 1808 860 1890 modiorum,
883 1808 973 1897 quod
992 1809 1116 1897 poterit
1131 1807 1222 1873 sanis

94 1909 353 1977 transeuntibus
364 1909 515 1975 conferre
525 1933 586 1998 pro
600 1911 728 1975 honore
741 1911 875 1993 domus,
889 1913 977 1977 sicut
988 1911 1109 1984 viderit
1121 1934 1222 1997 expe-

94 2014 181 2079 dire.

144 2115 198 2182 ll.
226 2115 263 2182 Si
291 2115 373 2203 quid
397 2115 432 2180 in
451 2116 513 2180 hac
537 2115 750 2181 institutione
772 2123 888 2182 nostra
913 2117 1026 2181 minus
1047 2117 1145 2203 plene
1172 2122 1224 2181 est

95 2218 305 2300 ordinatum,
318 2219 374 2283 vel
388 2217 584 2284 institutum
599 2225 651 2284 est
666 2219 794 2307 aliquid
807 2220 898 2308 quod
914 2219 1121 2285 correctione
1136 2218 1223 2283 indi-

93 2328 188 2410 geat,
197 2344 260 2386 nos
275 2328 309 2386 et
322 2344 385 2409 ego
401 2321 603 2410 specialiter,
615 2322 670 2403 P„
683 2322 977 2410 metropolitanus,
988 2322 1017 2386 si
1030 2322 1086 2386 alii
1101 2321 1223 2387 absen-

93 2433 150 2491 tes
169 2424 318 2506 fuerunt,
337 2423 436 2489 nobis
451 2448 665 2491 reservamus
681 2432 885 2514 potestatem
901 2425 1091 2511 corrigendi
1105 2431 1175 2489 tam
1189 2424 1224 2489 in

97 2527 211 2616 capite
226 2550 331 2615 quam
346 2527 381 2592 in
394 2527 556 2592 membris
573 2551 639 2617 que
659 2527 785 2592 ibidem
800 2529 996 2593 noverimus
1012 2527 1220 2615 corrigenda.

142 2635 274 2700 Actum
296 2634 499 2716 Senonibus,
522 2658 609 2707 anno
633 2635 741 2722 gratie
761 2635 811 2701 Μο
831 2635 959 2717 CC⁰V⁰,
986 2658 1101 2700 mense
1112 2634 1220 2722 junio.

189 4401 217 4445 L.
232 4403 261 4444 Le
274 4398 354 4445 Cum.
368 4426 388 4433 -
404 4398 496 4444 Stcluta
506 4397 609 4441 d'Ho‘tels
623 4399 692 4441 Dicu.
