2828 4956
379 373 760 449 ubrer.-oreu·m:-c0urr:‚
787 391 806 433 a
830 388 949 434 111111
1159 368 1222 434 tlt

99 514 263 601 privetur,
286 520 320 578 et
338 513 380 578 de
397 512 515 577 habitu
535 511 706 597 religionis
728 510 918 598 expolietur
936 518 970 576 et
991 511 1222 577 exeommuni-

100 625 196 682 catus
211 616 421 704 projiciatur.
435 615 478 680 Et
491 615 519 679 si
535 638 630 680 soror
643 614 697 679 vel
709 614 811 678 frater
820 637 898 679 cum
911 614 1114 702 proprietate
1130 613 1223 679 obie-

101 720 159 802 rit,
177 719 312 784 nullum
331 719 485 783 divinum
507 717 655 783 officium
681 740 742 805 pro
766 717 848 804 ipsis
874 723 994 803 agatur
1019 739 1080 782 nec
1106 726 1221 784 sancta

102 823 277 910 sepultura
291 845 431 909 corpora
446 821 666 909 sepeliantur,
682 820 741 885 sed
757 827 917 907 tanquam
931 842 1031 885 canes
1046 820 1222 908 projician-

98 920 194 991 turl.

147 1027 221 1094 101.
250 1026 446 1092 lnhibemus
462 1050 502 1091 ne
518 1026 628 1091 eundo
643 1027 697 1091 vel
714 1026 883 1091 redeundo
901 1026 987 1090 infra
1005 1026 1122 1090 villam
1141 1027 1222 1092 Tre-

102 1154 239 1196 eensem
265 1129 469 1195 manducent
486 1153 594 1217 neque
613 1128 747 1209 bibant,
770 1128 833 1192 nisi
850 1129 959 1194 solum
981 1151 1104 1216 aquam
1119 1130 1143 1211 ²,
1161 1152 1222 1195 nec

101 1241 279 1321 vagantes,
300 1232 358 1297 sed
373 1240 492 1298 euntes
505 1232 547 1297 ad
562 1234 634 1298 loca
647 1230 705 1295 ubi
718 1239 966 1319 proposuerunt
981 1231 1040 1297 ire.

149 1335 224 1402 102.
253 1336 292 1400 ln
312 1334 460 1401 tabernis
477 1358 543 1400 non
566 1335 692 1400 intrent
711 1334 824 1398 necin
843 1334 999 1422 hospitiis
1020 1335 1168 1422 supectis
1187 1342 1220 1402 et

96 1439 293 1505 diffamatis,

148 1541 223 1608 103.
252 1539 403 1629 Quisque
415 1542 471 1606 vel
490 1563 622 1628 queque
635 1562 768 1626 semper
782 1539 938 1606 videatur
955 1539 1100 1626 propriis
1113 1539 1220 1606 oculis

98 1668 117 1709 a
135 1645 297 1709 societate
311 1667 371 1709 sua
390 1664 397 1711 :
413 1643 511 1732 etqui
524 1644 558 1707 in
574 1642 637 1707 hoe
653 1642 804 1707 faciendo
818 1642 994 1729 negligens
1010 1642 1112 1707 fuerit
1129 1643 1220 1729 eapi-

95 1748 173 1813 tulo
198 1747 386 1833 corrigatur
407 1754 441 1811 et
464 1747 494 1811 ei
518 1746 596 1810 talis
614 1745 799 1833 penitentia
828 1745 1035 1833 injungatur,
1063 1745 1219 1811 videlicet

61 1840 65 1848 ’
96 1850 192 1938 quod
204 1873 265 1938 per
279 1849 395 1914 decem
408 1849 480 1914 dies
494 1849 526 1913 in
540 1871 625 1936 pane
638 1855 671 1913 et
687 1870 773 1935 aqua
780 1847 931 1935 jejunet;
946 1847 974 1911 si
990 1848 1023 1912 in
1039 1855 1220 1914 consuetu·

96 1954 213 2031 dinem
228 1953 337 2033 duxit,
358 1952 392 2016 in
416 1975 501 2040 pane
518 1959 552 2016 11
572 1974 659 2039 aqua
677 1950 824 2037 jejunet,
843 1951 1022 2016 comedens
1037 1951 1079 2016 ad
1095 1959 1220 2017 terram

95 2063 229 2143 septem
248 2054 379 2120 diebus.

148 2157 224 2224 tol.
251 2157 288 2222 Si
308 2157 384 2245 quis
411 2157 513 2223 frater
533 2164 626 2222 extra
657 2155 797 2220 domum
821 2155 1079 2221 fornicationem
1103 2156 1218 2223 fecerit

97 2267 228 2349 aperte,
243 2261 364 2348 primo,
387 2260 548 2341 secundo,
563 2267 597 2324 et
612 2258 710 2323 tertio
727 2267 916 2340 moneatur,
934 2267 967 2324 et
983 2259 1011 2323 si
1027 2259 1090 2323 hoc
1104 2259 1219 2324 dimit·

96 2372 171 2429 tere
190 2365 245 2428 vel
262 2364 450 2451 relinquere
463 2362 621 2442 noluerit,
636 2385 655 2426 a
668 2362 839 2426 communi
854 2361 1007 2449 ejiciatur
1018 2369 1063 2441 et,
1081 2362 1110 2426 si
1125 2363 1220 2450 peni·

98 2473 171 2530 teat
188 2467 212 2547 3,
228 2466 309 2530 feria
326 2473 421 2530 sexta
436 2489 496 2554 per
510 2473 640 2553 septem
660 2488 766 2529 annos
777 2465 908 2552 jejunet
919 2465 952 2529 in
966 2487 1052 2551 pane
1072 2472 1105 2530 et
1118 2487 1217 2553 aqua,

97 2569 168 2633 nisi
184 2569 225 2634 de
239 2569 490 2656 dispensatione
504 2573 537 2631 11
552 2568 661 2653 gratia
680 2568 732 2631 sui
755 2567 892 2654 prioris,
912 2574 945 2632 et
969 2567 1016 2631 sic
1035 2567 1076 2632 dc
1099 2567 1220 2631 sorori-

93 2672 172 2736 bus.

143 2773 219 2840 1115.
246 2773 282 2838 Si
297 2773 374 2861 quis
393 2773 497 2838 frater
509 2795 585 2837 eum
600 2796 713 2837 sorore
734 2772 990 2837 fornicationem
1005 2779 1119 2859 aperte
1131 2772 1233 2837 fece-⁶

93 2876 152 2957 rit,
175 2876 267 2964 quod
286 2875 394 2941 absitl
425 2875 529 2940 frater
548 2876 620 2939 sine
644 2874 873 2939 misericordia
893 2874 982 2939 foras
1008 2874 1215 2965 projiciatur,

92 2978 355 3067 qualiscumque
365 2979 425 3058 sit;
437 3002 531 3043 soror
541 2985 669 3044 retenta
679 2978 723 3042 sit
734 2984 767 3041 et
775 2977 1000 3065 penitenciam
1013 2985 1092 3063 agat
1101 3000 1219 3065 quem·
1283 3035 1286 3041 ,

92 3081 154 3146 diu
170 3082 306 3163 vixerit,
325 3081 372 3146 ita
387 3088 500 3146 tamen
516 3081 606 3169 quod
621 3081 788 3145 velamine
801 3079 1002 3167 expolietur,
1021 3087 1054 3144 et
1068 3079 1218 3167 discipli-

93 3184 152 3250 nis
177 3190 210 3248 et
230 3183 370 3271 jejuniis
395 3183 595 3272 jpuniaturj,
619 3183 806 3248 secundum
833 3182 949 3270 [quod]
972 3181 1138 3270 arbitrijoj
1166 3181 1219 3247 sui

89 3287 217 3376 prioris
232 3294 266 3352 et
280 3287 419 3374 capituli
434 3285 604 3350 videbitur
618 3286 787 3372 expedire.

139 3387 215 3455 106.
243 3389 370 3456 Omnes
389 3388 509 3453 fratres
522 3395 682 3453 tenentur
697 3410 856 3452 accusare
870 3388 1069 3452 alterutrum
1084 3387 1218 3475 quando

88 3492 242 3557 viderint
257 3491 385 3557 factum
403 3514 502 3556 suum
522 3491 703 3557 occultare.

140 3593 217 3660 107.
244 3595 280 3659 Si
308 3595 431 3682 aliquis
459 3595 513 3658 vel
551 3593 663 3680 aliqua
697 3592 873 3657 familiaris
910 3592 1130 3657 fornicatores
1160 3616 1221 3681 per

88 3696 222 3760 famam
241 3697 371 3762 inventi
386 3696 521 3778 fuerint,
543 3704 723 3784 postquam
751 3696 785 3759 in
811 3695 950 3759 domum
973 3701 1154 3776 venerunt,
1176 3696 1219 3760 ad

89 3806 215 3864 votum
238 3799 410 3888 religionis
432 3806 545 3863 nostre
570 3798 716 3886 amplius
736 3821 803 3862 non
824 3797 1068 3886 recipiajnjtur,
1088 3820 1150 3862 nec
1173 3798 1219 3885 [in

91 3901 356 3989 fraternitatem]
378 3901 601 3966 admittantur
615 3900 638 3967 1.

128 4087 150 4132 1.
170 4083 219 4132 Cet
229 4083 323 4132 article
337 4084 439 4132 semble
452 4083 553 4147 inspire
566 4099 614 4146 par
631 4081 700 4132 l'art.
714 4088 743 4130 62
758 4083 791 4130 de
804 4083 889 4132 Paris.

128 4151 151 4194 2.
171 4146 277 4195 Statuts
290 4147 322 4194 de
336 4147 421 4207 Paris,
435 4149 484 4195 art.
499 4152 538 4194 39.

128 4212 151 4256 3.
171 4209 206 4256 Le
216 4211 291 4257 texte
304 4211 382 4271 porte
397 4207 450 4258 :sic
460 4208 595 4272 penitens.

128 4273 151 4318 t.
171 4271 208 4319 La
221 4272 298 4334 copie
312 4272 394 4320 latine
409 4272 497 4319 donne
515 4285 521 4319 :
538 4271 572 4319 ad
589 4270 777 4334 infirmitatem
793 4269 946 4319 mittantur.
959 4269 980 4316 ll
992 4269 1080 4332 paratt
1095 4269 1220 4317 vraisem-
