2864 4964
187 411 251 478 244
533 430 668 475 srarcrs
692 432 732 474 ns
756 419 964 475 rnrnosnmns

187 554 345 621 dabiliter
364 577 400 617 se
416 553 553 618 habebit
570 553 605 616 in
620 553 847 639 procuratoris
862 551 984 634 officio,
1003 560 1036 618 et
1051 553 1235 641 jurabunt¹
1253 560 1311 626 isti

186 659 253 722 duo
268 658 303 720 in
321 679 382 720 sua
395 655 612 719 institucione
627 654 718 741 quod
731 654 765 718 in
783 655 854 719 suis
870 655 989 720 officiis
1008 655 1093 722 bene
1112 666 1146 723 et
1165 659 1313 726 fideliter

186 783 222 825 se
237 757 411 823 habebunt
430 757 519 821 etde
536 757 642 842 gestis
657 757 739 836 suis,
757 757 913 844 receptis,
931 765 965 822 et
979 761 1137 847 expensis
1154 769 1189 826 et
1201 763 1312 829 misiis

186 861 289 950 priori
304 859 445 924 reddent
464 858 591 922 bonum
607 866 800 945 compotum
817 865 850 923 et
870 859 1056 947 legitimam
1072 863 1253 931 racionem.

232 963 263 1028 l.
292 963 378 1026 ltem
398 962 580 1026 statuimus
593 968 627 1024 et
646 960 843 1025 ordinamus
858 963 948 1049 quod
972 962 1007 1026 in
1028 963 1101 1051 ipsa
1122 965 1222 1031 domo
1240 968 1312 1033 sint

186 1075 254 1132 tres
276 1065 365 1152 layci
384 1064 499 1128 donati
514 1063 572 1151 qui
592 1071 710 1150 gerent
729 1063 833 1127 talem
855 1064 1009 1128 habitum
1030 1068 1164 1153 qualem
1187 1078 1312 1156 gerunt

186 1169 305 1232 tratres
324 1167 401 1231 laici
423 1166 512 1230 dicte
530 1166 651 1229 domus
671 1165 793 1230 Sancte
813 1166 983 1249 Kotenna,
999 1176 1033 1232 et
1052 1169 1256 1235 laborabunt
1277 1180 1312 1237 et

185 1271 366 1356 diligenter
376 1267 553 1332 intendent
564 1266 606 1331 ad
621 1268 761 1352 negocia
779 1267 900 1332 domus
920 1269 1050 1334 utiliter
1073 1295 1172 1359 posse
1192 1297 1255 1338 suo
1275 1282 1311 1340 et

186 1373 376 1460 specialiter
393 1370 479 1434 circa
491 1370 657 1434 culturam
673 1370 848 1434 vinearum
861 1379 893 1435 et
908 1378 1073 1437 terrarum
1088 1382 1122 1438 et
1137 1375 1310 1440 fructuum

184 1475 417 1540 collectionem
437 1472 570 1552 exinde,
590 1478 623 1535 et
644 1471 686 1535 ad
710 1472 775 1536 alia
797 1473 909 1538 omnia
927 1481 1054 1539 statum
1075 1476 1163 1541 dicte
1186 1479 1310 1544 domus

184 1576 424 1643 concernencia
450 1598 516 1661 que
544 1574 593 1638 eis
621 1574 711 1637 idcm
738 1575 829 1662 prior
851 1575 986 1641 duxerit
1020 1577 1245 1667 injungenda,
1275 1590 1310 1647 et

185 1678 390 1766 oomlmloda
415 1676 642 1764 procurabunt
663 1684 696 1740 et
714 1676 926 1742 incommoda
947 1679 1134 1748 evitabunt.
1155 1683 1199 1747 Et
1217 1706 1309 1750 unus

185 1806 300 1848 eorum
321 1781 384 1844 erit
404 1779 571 1866 portarius
591 1786 624 1842 et
639 1778 783 1842 fideliter
798 1780 965 1846 custodiet
986 1783 1098 1847 claves
1117 1791 1305 1872 portarum,

184 1890 217 1947 et
237 1890 351 1970 portas
368 1890 401 1944 et
419 1881 505 1944 bona
522 1880 654 1955 domus,
672 1887 705 1944 et
724 1882 787 1944 hoc
804 1881 917 1969 jurare
937 1885 1152 1952 tenebuntur.

229 1985 260 2050 5.
289 1985 372 2048 ltem
388 1983 569 2048 statuimus
584 1992 617 2047 et
637 1982 832 2046 ordinamus
849 1985 941 2070 quod
965 1986 1000 2050 in
1020 1987 1120 2052 domo
1138 1990 1213 2078 ipsa
1238 1993 1309 2056 sint

184 2087 248 2151 due
281 2086 448 2173 pediccee,
476 2084 597 2149 donate
627 2085 714 2148 dicte
745 2085 878 2166 domus,
898 2097 1055 2174 provecte
1075 2092 1192 2165 etatis,
1214 2096 1308 2160 omni

184 2188 375 2276 suspicione
402 2194 565 2263 carentes,
587 2210 652 2273 que
674 2187 856 2275 portabunt
886 2189 1039 2255 habitum
1073 2194 1208 2280 nigrum
1228 2221 1306 2261 cum

182 2291 282 2377 peplo
298 2289 374 2353 albo
390 2290 477 2353 sicut
495 2289 617 2353 donate
634 2289 763 2352 Domus
779 2289 841 2354 Dei
862 2291 1089 2358 parisiensis2
1105 2303 1139 2361 et
1157 2299 1308 2365 servient

183 2392 343 2457 fratribus
363 2392 454 2456 sanis
469 2399 503 2455 et
520 2414 634 2455 curam
654 2391 826 2456 habebunt
843 2393 1010 2458 lineorum
1031 2403 1064 2461 et
1080 2398 1223 2463 aliorum
1239 2423 1305 2489 que

183 2495 277 2559 sexui
314 2501 506 2580 congruunt
538 2493 706 2572 muliebri,
740 2495 869 2558 victum
901 2504 934 2560 et
967 2499 1130 2563 vestitum
1161 2502 1302 2588 ibidem,

181 2598 293 2685 quoad
308 2597 453 2660 vixerint
466 2604 499 2660 et
510 2596 651 2660 honeste
663 2602 696 2659 et
710 2597 840 2660 utiliter
854 2621 892 2662 ac
903 2598 1120 2666 laudabiliter
1131 2627 1165 2667 se
1177 2605 1305 2671 habue-

180 2700 259 2780 rint,
277 2707 486 2786 percepture.
505 2696 655 2775 Quarum
673 2699 824 2762 omnium
842 2723 1061 2787 personarum
1076 2705 1305 2792 predictarum

180 2803 352 2866 institucio
373 2809 406 2865 et
428 2800 606 2865 destitucio
633 2800 675 2864 ad
702 2824 763 2864 nos
790 2809 823 2866 et
848 2826 1060 2869 successores
1084 2815 1235 2892 nostroS,
1265 2820 1304 2877 ut

181 2928 314 2991 semper
333 2905 494 2967 hactenus
514 2910 713 2966 consuetum
729 2912 792 2983 est,
811 2913 975 2992 perpetuo
990 2909 1182 2994 pertinebit.

225 3005 256 3071 6.
284 3007 368 3070 ltem
393 3005 574 3069 statuimus
592 3012 625 3068 et
651 3005 848 3070 ordinamus
878 3008 968 3094 quod
998 3010 1090 3097 prior
1116 3019 1149 3076 et
1182 3011 1304 3081 fratres

179 3107 368 3196 presbiteri,
387 3107 500 3171 clerici
515 3114 549 3171 et
565 3106 665 3192 layci,
682 3108 784 3171 simul
801 3109 980 3174 comedant
999 3111 1033 3175 in
1051 3113 1169 3178 eadem
1185 3116 1300 3202 domo,

178 3218 212 3275 et
227 3210 286 3289 eiS,
305 3209 403 3295 juxta
428 3209 549 3296 prioris
567 3209 837 3292 ordinacionem,
855 3213 896 3276 de
919 3212 1017 3278 bonis
1036 3215 1144 3302 ipsius
1164 3218 1301 3305 domus,

177 3312 302 3400 granis,
327 3312 416 3375 vinis
441 3319 474 3375 et
493 3311 613 3375 ceteris
637 3312 841 3377 victualibus
868 3314 1018 3401 ejusdem
1045 3321 1301 3408 convenienter,

177 3415 269 3479 omni
288 3413 497 3500 suspiccione
514 3422 679 3491 cessante,
704 3415 862 3479 victualia
886 3417 1137 3504 ministrentur,
1160 3423 1304 3489 interdi-

177 3524 291 3582 centes
309 3517 446 3579 omnino
460 3539 501 3579 ne
512 3515 669 3602 cuiquam
683 3515 824 3581 fratrum
840 3518 947 3607 ipsius
961 3520 1080 3587 domus
1094 3548 1154 3612 pro
1171 3526 1304 3594 victua-

176 3619 265 3685 libus
280 3619 441 3707 peccunia
456 3619 679 3700 ministretur,
694 3620 753 3683 sed
770 3621 804 3683 in
819 3624 1002 3706 communi,
1020 3632 1058 3690 ut
1077 3627 1300 3715 premittitur,

176 3722 348 3788 communi
365 3722 440 3786 cibo
453 3721 596 3808 quilibet
611 3729 835 3807 contentetur,
854 3724 919 3788 nisi
932 3722 1017 3791 forte
1038 3751 1138 3794 causa
1157 3730 1302 3798 intirmi-

182 3898 1296 3922 -—-—-——-—-—...-..-

207 4002 228 4045 1.
250 3997 286 4045 Le
298 3999 372 4045 texte
383 3998 462 4058 porte
475 3994 628 4055 intrabunt,
640 4011 670 4045 ce
682 3999 727 4059 qui
737 4000 779 4046 est
791 3997 974 4051 evidemment
985 4017 1038 4052 une
1050 4005 1124 4053 faute
1136 4007 1170 4054 de
1182 4008 1301 4070 coplata.

207 4064 229 4108 2.
248 4059 289 4108 On
303 4059 423 4121 appelait
435 4077 445 4100 u
457 4057 525 4105 filles
538 4056 666 4107 blanches
679 4079 699 4119 n,
715 4060 931 4122 al'Hotel-Dieu,
942 4063 981 4113 les
993 4081 1081 4114 soeurs
1093 4082 1239 4118 converses
1272 4074 1301 4121 ui

174 4121 310 4170 n'avaient
322 4136 371 4184 pas
385 4135 482 4168 encore
498 4121 546 4167 fait
556 4122 725 4182 profession:
740 4143 751 4166 (ι
771 4123 838 4172 Filia
848 4124 918 4184 albe,
930 4127 982 4175 hoc
993 4132 1035 4177 est
1052 4144 1105 4177 non
1119 4131 1216 4190 velate,
1230 4150 1241 4177 »
1277 4135 1302 4184 it

135 4218 138 4223 .
174 4200 210 4294 pn
225 4199 339 4247 passage
349 4185 397 4232 des
412 4184 540 4245 registres
550 4185 731 4245 capitulaires
746 4185 786 4242 Cs.
798 4185 950 4250 Coyecque,
962 4190 1151 4241 L'HdtetDieu
1164 4193 1198 4244 de
1207 4194 1299 4255 Paris,
