<?xml version="1.0" encoding="UTF-8"?>
<!DOCTYPE html PUBLIC "-//W3C//DTD XHTML 1.0 Transitional//EN"
    "http://www.w3.org/TR/xhtml1/DTD/xhtml1-transitional.dtd">
<html xmlns="http://www.w3.org/1999/xhtml" xml:lang="en" lang="en">
 <head>
  <title>
</title>
<meta http-equiv="Content-Type" content="text/html;charset=utf-8" />
  <meta name='ocr-system' content='tesseract 3.04.00' />
  <meta name='ocr-capabilities' content='ocr_page ocr_carea ocr_par ocr_line ocrx_word'/>
</head>
<body>
  <div class='ocr_page' id='page_1' title='image "./statutsdhotelsd00grangoog_0085.png"; bbox 0 0 2864 4964; ppageno 0'>
   <div class='ocr_carea' id='block_1_1' title="bbox 511 419 1267 483">
    <p class='ocr_par' dir='ltr' id='par_1_1' title="bbox 511 419 1267 483">
     <span class='ocr_line' id='line_1_1' title="bbox 511 419 1267 483; baseline 0 -1"><span class='ocrx_word' id='word_1_1' title='bbox 511 440 706 483; x_wconf 81' lang='lat' dir='ltr'>nonrnrnmn</span> <span class='ocrx_word' id='word_1_2' title='bbox 731 439 908 483; x_wconf 68' lang='lat' dir='ltr'>erluinus</span> <span class='ocrx_word' id='word_1_3' title='bbox 1226 419 1267 482; x_wconf 84' lang='lat'>39</span> 
     </span>
    </p>
   </div>
   <div class='ocr_carea' id='block_1_2' title="bbox 139 562 1267 3732">
    <p class='ocr_par' dir='ltr' id='par_1_2' title="bbox 143 562 1267 1062">
     <span class='ocr_line' id='line_1_2' title="bbox 188 562 1267 651; baseline -0.001 -24"><span class='ocrx_word' id='word_1_4' title='bbox 188 563 244 630; x_wconf 82' lang='lat'>23.</span> <span class='ocrx_word' id='word_1_5' title='bbox 271 564 436 648; x_wconf 82' lang='lat' dir='ltr'>Magister</span> <span class='ocrx_word' id='word_1_6' title='bbox 459 563 646 649; x_wconf 87' lang='lat' dir='ltr'>capitulum</span> <span class='ocrx_word' id='word_1_7' title='bbox 673 569 786 626; x_wconf 89' lang='lat' dir='ltr'>teneat</span> <span class='ocrx_word' id='word_1_8' title='bbox 801 562 823 635; x_wconf 75' lang='lat'>ยน,</span> <span class='ocrx_word' id='word_1_9' title='bbox 846 569 924 626; x_wconf 91' lang='lat' dir='ltr'>ante</span> <span class='ocrx_word' id='word_1_10' title='bbox 953 585 1055 648; x_wconf 89' lang='lat' dir='ltr'>quem</span> <span class='ocrx_word' id='word_1_11' title='bbox 1080 586 1153 651; x_wconf 70' lang='lat' dir='ltr'>sese</span> <span class='ocrx_word' id='word_1_12' title='bbox 1179 564 1267 626; x_wconf 87' lang='lat' dir='ltr'>invi-</span> 
     </span>
     <span class='ocr_line' id='line_1_3' title="bbox 144 665 1263 753; baseline -0.001 -21"><span class='ocrx_word' id='word_1_13' title='bbox 144 691 219 732; x_wconf 86' lang='lat' dir='ltr'>cem</span> <span class='ocrx_word' id='word_1_14' title='bbox 244 667 454 753; x_wconf 81' lang='lat' dir='ltr'>proclament</span> <span class='ocrx_word' id='word_1_15' title='bbox 469 667 537 729; x_wconf 91' lang='lat' dir='ltr'>zelo</span> <span class='ocrx_word' id='word_1_16' title='bbox 556 665 689 751; x_wconf 88' lang='lat' dir='ltr'>justitie</span> <span class='ocrx_word' id='word_1_17' title='bbox 705 671 739 728; x_wconf 96' lang='lat' dir='ltr'>et</span> <span class='ocrx_word' id='word_1_18' title='bbox 758 665 904 728; x_wconf 77' lang='lat' dir='ltr'><strong>fraterne</strong></span> <span class='ocrx_word' id='word_1_19' title='bbox 922 665 1112 729; x_wconf 79' lang='lat' dir='ltr'>dilectionis</span> <span class='ocrx_word' id='word_1_20' title='bbox 1129 667 1263 732; x_wconf 81' lang='lat' dir='ltr'>affectu.</span> 
     </span>
     <span class='ocr_line' id='line_1_4' title="bbox 144 767 1267 856; baseline -0.002 -21"><span class='ocrx_word' id='word_1_21' title='bbox 144 771 180 835; x_wconf 84' lang='lat' dir='ltr'>Si</span> <span class='ocrx_word' id='word_1_22' title='bbox 200 770 277 856; x_wconf 91' lang='lat' dir='ltr'>quis</span> <span class='ocrx_word' id='word_1_23' title='bbox 303 777 418 834; x_wconf 91' lang='lat' dir='ltr'>autem</span> <span class='ocrx_word' id='word_1_24' title='bbox 443 769 624 832; x_wconf 90' lang='lat' dir='ltr'>clamorem</span> <span class='ocrx_word' id='word_1_25' title='bbox 649 767 684 830; x_wconf 91' lang='lat' dir='ltr'>in</span> <span class='ocrx_word' id='word_1_26' title='bbox 704 791 739 831; x_wconf 90' lang='lat' dir='ltr'>se</span> <span class='ocrx_word' id='word_1_27' title='bbox 763 767 891 831; x_wconf 87' lang='lat' dir='ltr'>factum</span> <span class='ocrx_word' id='word_1_28' title='bbox 914 767 1143 854; x_wconf 85' lang='lat' dir='ltr'>deprehensus</span> <span class='ocrx_word' id='word_1_29' title='bbox 1165 769 1267 833; x_wconf 89' lang='lat' dir='ltr'>fuerit</span> 
     </span>
     <span class='ocr_line' id='line_1_5' title="bbox 144 870 1266 957; baseline -0.001 -20"><span class='ocrx_word' id='word_1_30' title='bbox 144 896 223 957; x_wconf 84' lang='lat' dir='ltr'>egre</span> <span class='ocrx_word' id='word_1_31' title='bbox 247 872 346 951; x_wconf 89' lang='lat' dir='ltr'>ferre,</span> <span class='ocrx_word' id='word_1_32' title='bbox 375 872 410 935; x_wconf 90' lang='lat' dir='ltr'>in</span> <span class='ocrx_word' id='word_1_33' title='bbox 434 871 589 957; x_wconf 86' lang='lat' dir='ltr'>sequenti</span> <span class='ocrx_word' id='word_1_34' title='bbox 616 870 764 957; x_wconf 88' lang='lat' dir='ltr'>capitulo</span> <span class='ocrx_word' id='word_1_35' title='bbox 787 894 805 934; x_wconf 91' lang='lat' dir='ltr'>a</span> <span class='ocrx_word' id='word_1_36' title='bbox 831 870 1076 956; x_wconf 89' lang='lat' dir='ltr'>deprehensore</span> <span class='ocrx_word' id='word_1_37' title='bbox 1101 873 1266 937; x_wconf 87' lang='lat' dir='ltr'>clamatus</span> 
     </span>
     <span class='ocr_line' id='line_1_6' title="bbox 143 973 827 1062; baseline 0 -23"><span class='ocrx_word' id='word_1_38' title='bbox 143 998 247 1062; x_wconf 86' lang='lat' dir='ltr'>super</span> <span class='ocrx_word' id='word_1_39' title='bbox 265 976 328 1038; x_wconf 92' lang='lat' dir='ltr'>hac</span> <span class='ocrx_word' id='word_1_40' title='bbox 345 973 472 1038; x_wconf 83' lang='lat' dir='ltr'>offensa</span> <span class='ocrx_word' id='word_1_41' title='bbox 490 973 641 1058; x_wconf 88' lang='lat' dir='ltr'>graviter</span> <span class='ocrx_word' id='word_1_42' title='bbox 655 973 827 1059; x_wconf 84' lang='lat' dir='ltr'>puniatur.</span> 
     </span>
    </p>

    <p class='ocr_par' dir='ltr' id='par_1_3' title="bbox 142 1071 1266 1245">
     <span class='ocr_line' id='line_1_7' title="bbox 190 1071 1266 1163; baseline 0.001 -23"><span class='ocrx_word' id='word_1_43' title='bbox 190 1075 244 1142; x_wconf 72' lang='lat'>24.</span> <span class='ocrx_word' id='word_1_44' title='bbox 273 1078 322 1141; x_wconf 91' lang='lat' dir='ltr'>De</span> <span class='ocrx_word' id='word_1_45' title='bbox 338 1075 536 1140; x_wconf 89' lang='lat' dir='ltr'>criminibus</span> <span class='ocrx_word' id='word_1_46' title='bbox 552 1071 640 1140; x_wconf 83' lang='lat' dir='ltr'>etde</span> <span class='ocrx_word' id='word_1_47' title='bbox 659 1075 795 1139; x_wconf 81' lang='lat' dir='ltr'>offensis</span> <span class='ocrx_word' id='word_1_48' title='bbox 808 1075 962 1161; x_wconf 81' lang='lat' dir='ltr'>magistri</span> <span class='ocrx_word' id='word_1_49' title='bbox 975 1084 1068 1140; x_wconf 85' lang='lat' dir='ltr'>extra</span> <span class='ocrx_word' id='word_1_50' title='bbox 1080 1077 1266 1163; x_wconf 85' lang='lat' dir='ltr'>capitulum</span> 
     </span>
     <span class='ocr_line' id='line_1_8' title="bbox 142 1179 358 1245; baseline 0 -1"><span class='ocrx_word' id='word_1_51' title='bbox 142 1179 358 1245; x_wconf 83' lang='lat' dir='ltr'>tractabitur.</span> 
     </span>
    </p>

    <p class='ocr_par' dir='ltr' id='par_1_4' title="bbox 143 1284 1266 1467">
     <span class='ocr_line' id='line_1_9' title="bbox 190 1284 1266 1372; baseline 0.001 -23"><span class='ocrx_word' id='word_1_52' title='bbox 190 1286 244 1351; x_wconf 78' lang='lat'>25.</span> <span class='ocrx_word' id='word_1_53' title='bbox 273 1284 338 1363; x_wconf 87' lang='lat' dir='ltr'>Qui</span> <span class='ocrx_word' id='word_1_54' title='bbox 362 1293 489 1350; x_wconf 90' lang='lat' dir='ltr'>secreta</span> <span class='ocrx_word' id='word_1_55' title='bbox 507 1285 648 1371; x_wconf 85' lang='lat' dir='ltr'>capituli</span> <span class='ocrx_word' id='word_1_56' title='bbox 666 1286 814 1348; x_wconf 91' lang='lat' dir='ltr'>revelare</span> <span class='ocrx_word' id='word_1_57' title='bbox 831 1285 1092 1372; x_wconf 79' lang='lat' dir='ltr'>presumpserit,</span> <span class='ocrx_word' id='word_1_58' title='bbox 1114 1285 1141 1349; x_wconf 91' lang='lat' dir='ltr'>si</span> <span class='ocrx_word' id='word_1_59' title='bbox 1164 1309 1266 1372; x_wconf 88' lang='lat' dir='ltr'>super</span> 
     </span>
     <span class='ocr_line' id='line_1_10' title="bbox 143 1387 875 1467; baseline -0.001 -14"><span class='ocrx_word' id='word_1_60' title='bbox 143 1391 208 1453; x_wconf 92' lang='lat' dir='ltr'>hoc</span> <span class='ocrx_word' id='word_1_61' title='bbox 227 1389 402 1453; x_wconf 90' lang='lat' dir='ltr'>convictus</span> <span class='ocrx_word' id='word_1_62' title='bbox 420 1387 533 1467; x_wconf 86' lang='lat' dir='ltr'>fuerit,</span> <span class='ocrx_word' id='word_1_63' title='bbox 555 1387 875 1452; x_wconf 86' lang='lat' dir='ltr'>excommunicetur.</span> 
     </span>
    </p>

    <p class='ocr_par' dir='ltr' id='par_1_5' title="bbox 143 1490 1265 1967">
     <span class='ocr_line' id='line_1_11' title="bbox 190 1490 1265 1577; baseline 0.002 -23"><span class='ocrx_word' id='word_1_64' title='bbox 190 1491 244 1556; x_wconf 85' lang='grc'>26.</span> <span class='ocrx_word' id='word_1_65' title='bbox 272 1490 565 1555; x_wconf 86' lang='lat' dir='ltr'>Excommunieati</span> <span class='ocrx_word' id='word_1_66' title='bbox 589 1491 667 1554; x_wconf 86' lang='lat' dir='ltr'>talis</span> <span class='ocrx_word' id='word_1_67' title='bbox 689 1497 740 1554; x_wconf 88' lang='lat' dir='ltr'>est</span> <span class='ocrx_word' id='word_1_68' title='bbox 761 1513 847 1577; x_wconf 92' lang='lat' dir='ltr'>pena</span> <span class='ocrx_word' id='word_1_69' title='bbox 875 1511 881 1556; x_wconf 91' lang='lat'>:</span> <span class='ocrx_word' id='word_1_70' title='bbox 907 1490 950 1554; x_wconf 90' lang='lat' dir='ltr'>ad</span> <span class='ocrx_word' id='word_1_71' title='bbox 969 1496 1094 1554; x_wconf 92' lang='lat' dir='ltr'>terram</span> <span class='ocrx_word' id='word_1_72' title='bbox 1112 1491 1265 1556; x_wconf 89' lang='lat' dir='ltr'>comedet</span> 
     </span>
     <span class='ocr_line' id='line_1_12' title="bbox 143 1593 1264 1682; baseline -0.001 -24"><span class='ocrx_word' id='word_1_73' title='bbox 143 1617 267 1682; x_wconf 89' lang='lat' dir='ltr'>panem</span> <span class='ocrx_word' id='word_1_74' title='bbox 285 1601 319 1658; x_wconf 88' lang='lat' dir='ltr'>et</span> <span class='ocrx_word' id='word_1_75' title='bbox 335 1616 459 1679; x_wconf 91' lang='lat' dir='ltr'>aquam</span> <span class='ocrx_word' id='word_1_76' title='bbox 476 1617 553 1657; x_wconf 84' lang='lat' dir='ltr'>cum</span> <span class='ocrx_word' id='word_1_77' title='bbox 572 1595 644 1656; x_wconf 90' lang='lat' dir='ltr'>solo</span> <span class='ocrx_word' id='word_1_78' title='bbox 661 1594 848 1680; x_wconf 84' lang='lat' dir='ltr'>pulment0,</span> <span class='ocrx_word' id='word_1_79' title='bbox 869 1593 976 1657; x_wconf 90' lang='lat' dir='ltr'>donec</span> <span class='ocrx_word' id='word_1_80' title='bbox 991 1594 1034 1657; x_wconf 90' lang='lat' dir='ltr'>ad</span> <span class='ocrx_word' id='word_1_81' title='bbox 1053 1594 1264 1657; x_wconf 90' lang='lat' dir='ltr'>voluntatem</span> 
     </span>
     <span class='ocr_line' id='line_1_13' title="bbox 144 1694 1264 1782; baseline 0 -22"><span class='ocrx_word' id='word_1_82' title='bbox 144 1697 300 1781; x_wconf 86' lang='lat' dir='ltr'>magistri</span> <span class='ocrx_word' id='word_1_83' title='bbox 328 1719 429 1782; x_wconf 90' lang='lat' dir='ltr'>super</span> <span class='ocrx_word' id='word_1_84' title='bbox 457 1695 519 1759; x_wconf 89' lang='lat' dir='ltr'>hac</span> <span class='ocrx_word' id='word_1_85' title='bbox 547 1694 673 1760; x_wconf 83' lang='lat' dir='ltr'>offensa</span> <span class='ocrx_word' id='word_1_86' title='bbox 703 1696 903 1760; x_wconf 81' lang='lat' dir='ltr'>satisfecerit</span> <span class='ocrx_word' id='word_1_87' title='bbox 918 1695 941 1761; x_wconf 68' lang='lat'>2.</span> <span class='ocrx_word' id='word_1_88' title='bbox 970 1696 1096 1760; x_wconf 90' lang='lat' dir='ltr'>Nullus</span> <span class='ocrx_word' id='word_1_89' title='bbox 1124 1720 1200 1760; x_wconf 92' lang='lat' dir='ltr'>cum</span> <span class='ocrx_word' id='word_1_90' title='bbox 1225 1719 1264 1760; x_wconf 92' lang='lat' dir='ltr'>eo</span> 
     </span>
     <span class='ocr_line' id='line_1_14' title="bbox 143 1798 1264 1886; baseline 0 -23"><span class='ocrx_word' id='word_1_91' title='bbox 143 1801 304 1886; x_wconf 90' lang='lat' dir='ltr'>loquatur</span> <span class='ocrx_word' id='word_1_92' title='bbox 320 1799 386 1862; x_wconf 91' lang='lat' dir='ltr'>nisi</span> <span class='ocrx_word' id='word_1_93' title='bbox 403 1799 461 1885; x_wconf 91' lang='lat' dir='ltr'>qui</span> <span class='ocrx_word' id='word_1_94' title='bbox 477 1799 507 1862; x_wconf 90' lang='lat' dir='ltr'>ei</span> <span class='ocrx_word' id='word_1_95' title='bbox 523 1798 677 1862; x_wconf 88' lang='lat' dir='ltr'>servierit</span> <span class='ocrx_word' id='word_1_96' title='bbox 695 1806 728 1862; x_wconf 91' lang='lat' dir='ltr'>et</span> <span class='ocrx_word' id='word_1_97' title='bbox 743 1799 801 1884; x_wconf 91' lang='lat' dir='ltr'>qui</span> <span class='ocrx_word' id='word_1_98' title='bbox 815 1822 875 1885; x_wconf 91' lang='lat' dir='ltr'>pro</span> <span class='ocrx_word' id='word_1_99' title='bbox 895 1799 1095 1863; x_wconf 86' lang='lat' dir='ltr'>necessitate</span> <span class='ocrx_word' id='word_1_100' title='bbox 1116 1800 1264 1886; x_wconf 91' lang='lat' dir='ltr'>corporis</span> 
     </span>
     <span class='ocr_line' id='line_1_15' title="bbox 144 1901 727 1967; baseline -0.002 0"><span class='ocrx_word' id='word_1_101' title='bbox 144 1909 178 1967; x_wconf 92' lang='lat' dir='ltr'>et</span> <span class='ocrx_word' id='word_1_102' title='bbox 192 1903 302 1966; x_wconf 88' lang='lat' dir='ltr'>anime</span> <span class='ocrx_word' id='word_1_103' title='bbox 319 1902 362 1965; x_wconf 94' lang='lat' dir='ltr'>ad</span> <span class='ocrx_word' id='word_1_104' title='bbox 379 1924 456 1965; x_wconf 91' lang='lat' dir='ltr'>eum</span> <span class='ocrx_word' id='word_1_105' title='bbox 475 1901 601 1964; x_wconf 91' lang='lat' dir='ltr'>missus</span> <span class='ocrx_word' id='word_1_106' title='bbox 617 1901 727 1966; x_wconf 85' lang='lat' dir='ltr'>luerit.</span> 
     </span>
    </p>

    <p class='ocr_par' dir='ltr' id='par_1_6' title="bbox 143 2003 1264 2602">
     <span class='ocr_line' id='line_1_16' title="bbox 189 2003 1261 2091; baseline -0.001 -23"><span class='ocrx_word' id='word_1_107' title='bbox 189 2005 243 2070; x_wconf 83' lang='lat'>27.</span> <span class='ocrx_word' id='word_1_108' title='bbox 271 2005 309 2068; x_wconf 95' lang='lat' dir='ltr'>ln</span> <span class='ocrx_word' id='word_1_109' title='bbox 331 2003 822 2091; x_wconf 89' lang='lat' dir='ltr'>accipiendisdisciplinisque</span> <span class='ocrx_word' id='word_1_110' title='bbox 842 2028 902 2090; x_wconf 93' lang='lat' dir='ltr'>pro</span> <span class='ocrx_word' id='word_1_111' title='bbox 925 2005 1033 2090; x_wconf 90' lang='lat' dir='ltr'>culpis</span> <span class='ocrx_word' id='word_1_112' title='bbox 1053 2005 1261 2089; x_wconf 87' lang='lat' dir='ltr'>infligentur,</span> 
     </span>
     <span class='ocr_line' id='line_1_17' title="bbox 143 2105 1264 2192; baseline 0 -22"><span class='ocrx_word' id='word_1_113' title='bbox 143 2109 207 2172; x_wconf 91' lang='lat' dir='ltr'>iste</span> <span class='ocrx_word' id='word_1_114' title='bbox 223 2106 414 2171; x_wconf 91' lang='lat' dir='ltr'>servabitur</span> <span class='ocrx_word' id='word_1_115' title='bbox 431 2105 511 2170; x_wconf 90' lang='lat' dir='ltr'>ordo</span> <span class='ocrx_word' id='word_1_116' title='bbox 528 2125 535 2171; x_wconf 90' lang='lat'><strong>:</strong></span> <span class='ocrx_word' id='word_1_117' title='bbox 552 2106 580 2169; x_wconf 92' lang='lat' dir='ltr'>si</span> <span class='ocrx_word' id='word_1_118' title='bbox 596 2105 763 2192; x_wconf 86' lang='lat' dir='ltr'>presbiter</span> <span class='ocrx_word' id='word_1_119' title='bbox 777 2105 879 2170; x_wconf 88' lang='lat' dir='ltr'>fuerit</span> <span class='ocrx_word' id='word_1_120' title='bbox 899 2107 954 2170; x_wconf 89' lang='lat' dir='ltr'>vel</span> <span class='ocrx_word' id='word_1_121' title='bbox 971 2107 1128 2186; x_wconf 79' lang='lat' dir='ltr'>clericuS,</span> <span class='ocrx_word' id='word_1_122' title='bbox 1152 2130 1264 2170; x_wconf 91' lang='lat' dir='ltr'>coram</span> 
     </span>
     <span class='ocr_line' id='line_1_18' title="bbox 144 2208 1263 2296; baseline -0.001 -23"><span class='ocrx_word' id='word_1_123' title='bbox 144 2209 304 2273; x_wconf 91' lang='lat' dir='ltr'>omnibus</span> <span class='ocrx_word' id='word_1_124' title='bbox 324 2208 521 2296; x_wconf 89' lang='lat' dir='ltr'>presbiteris</span> <span class='ocrx_word' id='word_1_125' title='bbox 544 2214 577 2271; x_wconf 89' lang='lat' dir='ltr'>et</span> <span class='ocrx_word' id='word_1_126' title='bbox 595 2208 724 2271; x_wconf 88' lang='lat' dir='ltr'>clericis</span> <span class='ocrx_word' id='word_1_127' title='bbox 745 2209 916 2294; x_wconf 86' lang='lat' dir='ltr'>puniatur.</span> <span class='ocrx_word' id='word_1_128' title='bbox 938 2209 1030 2272; x_wconf 87' lang='lat' dir='ltr'>Laiei</span> <span class='ocrx_word' id='word_1_129' title='bbox 1048 2232 1128 2272; x_wconf 90' lang='lat' dir='ltr'>vero</span> <span class='ocrx_word' id='word_1_130' title='bbox 1150 2232 1263 2273; x_wconf 84' lang='lat' dir='ltr'>coram</span> 
     </span>
     <span class='ocr_line' id='line_1_19' title="bbox 143 2309 1264 2390; baseline -0.002 -15"><span class='ocrx_word' id='word_1_131' title='bbox 143 2310 301 2375; x_wconf 91' lang='lat' dir='ltr'>omnibus</span> <span class='ocrx_word' id='word_1_132' title='bbox 323 2309 484 2375; x_wconf 86' lang='lat' dir='ltr'>fratribus</span> <span class='ocrx_word' id='word_1_133' title='bbox 505 2317 650 2375; x_wconf 91' lang='lat' dir='ltr'>tantum.</span> <span class='ocrx_word' id='word_1_134' title='bbox 677 2311 712 2375; x_wconf 89' lang='lat' dir='ltr'>Si</span> <span class='ocrx_word' id='word_1_135' title='bbox 734 2334 814 2374; x_wconf 88' lang='lat' dir='ltr'>vero</span> <span class='ocrx_word' id='word_1_136' title='bbox 836 2312 958 2375; x_wconf 91' lang='lat' dir='ltr'>mulier</span> <span class='ocrx_word' id='word_1_137' title='bbox 979 2310 1092 2390; x_wconf 88' lang='lat' dir='ltr'>fuerit,</span> <span class='ocrx_word' id='word_1_138' title='bbox 1122 2311 1264 2375; x_wconf 90' lang='lat' dir='ltr'>ducatur</span> 
     </span>
     <span class='ocr_line' id='line_1_20' title="bbox 143 2413 1264 2500; baseline -0.001 -23"><span class='ocrx_word' id='word_1_139' title='bbox 143 2437 296 2478; x_wconf 88' lang='lat' dir='ltr'>seorsum</span> <span class='ocrx_word' id='word_1_140' title='bbox 315 2413 349 2476; x_wconf 92' lang='lat' dir='ltr'>in</span> <span class='ocrx_word' id='word_1_141' title='bbox 366 2420 497 2500; x_wconf 91' lang='lat' dir='ltr'>partem</span> <span class='ocrx_word' id='word_1_142' title='bbox 510 2436 623 2476; x_wconf 90' lang='lat' dir='ltr'>coram</span> <span class='ocrx_word' id='word_1_143' title='bbox 639 2413 770 2477; x_wconf 90' lang='lat' dir='ltr'>cunctis</span> <span class='ocrx_word' id='word_1_144' title='bbox 785 2413 995 2493; x_wconf 62' lang='lat' dir='ltr'>mulieribus</span> <span class='ocrx_word' id='word_1_145' title='bbox 1012 2413 1169 2477; x_wconf 91' lang='lat' dir='ltr'>omnibus</span> <span class='ocrx_word' id='word_1_146' title='bbox 1182 2414 1264 2476; x_wconf 86' lang='lat' dir='ltr'>viris</span> 
     </span>
     <span class='ocr_line' id='line_1_21' title="bbox 143 2515 578 2602; baseline -0.002 -21"><span class='ocrx_word' id='word_1_147' title='bbox 143 2516 301 2596; x_wconf 62' lang='lat' dir='ltr'>exclusis</span> <span class='ocrx_word' id='word_1_148' title='bbox 322 2515 578 2602; x_wconf 77' lang='lat' dir='ltr'>disciplinando.</span> 
     </span>
    </p>

    <p class='ocr_par' dir='ltr' id='par_1_7' title="bbox 139 2617 1263 2822">
     <span class='ocr_line' id='line_1_22' title="bbox 187 2617 1263 2705; baseline -0.001 -23"><span class='ocrx_word' id='word_1_149' title='bbox 187 2617 242 2684; x_wconf 84' lang='lat'>28.</span> <span class='ocrx_word' id='word_1_150' title='bbox 271 2619 309 2682; x_wconf 94' lang='lat' dir='ltr'>ln</span> <span class='ocrx_word' id='word_1_151' title='bbox 324 2619 510 2705; x_wconf 89' lang='lat' dir='ltr'>capitulum</span> <span class='ocrx_word' id='word_1_152' title='bbox 526 2642 593 2681; x_wconf 91' lang='lat' dir='ltr'>non</span> <span class='ocrx_word' id='word_1_153' title='bbox 611 2618 748 2682; x_wconf 89' lang='lat' dir='ltr'>veniant</span> <span class='ocrx_word' id='word_1_154' title='bbox 763 2618 924 2704; x_wconf 88' lang='lat' dir='ltr'>decrepiti</span> <span class='ocrx_word' id='word_1_155' title='bbox 940 2625 974 2681; x_wconf 90' lang='lat' dir='ltr'>et</span> <span class='ocrx_word' id='word_1_156' title='bbox 987 2618 1118 2704; x_wconf 74' lang='lat' dir='ltr'>ydiote.</span> <span class='ocrx_word' id='word_1_157' title='bbox 1137 2618 1202 2681; x_wconf 90' lang='lat' dir='ltr'>nisi</span> <span class='ocrx_word' id='word_1_158' title='bbox 1222 2618 1263 2681; x_wconf 92' lang='lat' dir='ltr'>de</span> 
     </span>
     <span class='ocr_line' id='line_1_23' title="bbox 139 2721 1201 2822; baseline -0.004 -36"><span class='ocrx_word' id='word_1_159' title='bbox 139 2721 239 2809; x_wconf 83' lang='lat' dir='ltr'>jussu</span> <span class='ocrx_word' id='word_1_160' title='bbox 257 2721 423 2807; x_wconf 89' lang='lat' dir='ltr'>magistri.</span> <span class='ocrx_word' id='word_1_161' title='bbox 1181 2806 1201 2822; x_wconf 78' lang='lat'>.-</span> 
     </span>
    </p>

    <p class='ocr_par' dir='ltr' id='par_1_8' title="bbox 143 2822 1260 3013">
     <span class='ocr_line' id='line_1_24' title="bbox 186 2822 1260 2908; baseline -0.001 -22"><span class='ocrx_word' id='word_1_162' title='bbox 186 2822 241 2889; x_wconf 81' lang='lat'>29.</span> <span class='ocrx_word' id='word_1_163' title='bbox 269 2823 508 2888; x_wconf 85' lang='lat' dir='ltr'>Confessiones</span> <span class='ocrx_word' id='word_1_164' title='bbox 533 2846 704 2905; x_wconf 91' lang='lat' dir='ltr'>sanorum,</span> <span class='ocrx_word' id='word_1_165' title='bbox 727 2824 761 2887; x_wconf 93' lang='lat' dir='ltr'>in</span> <span class='ocrx_word' id='word_1_166' title='bbox 786 2825 859 2886; x_wconf 92' lang='lat' dir='ltr'>loco</span> <span class='ocrx_word' id='word_1_167' title='bbox 885 2823 1098 2887; x_wconf 85' lang='lat' dir='ltr'>eminentiori</span> <span class='ocrx_word' id='word_1_168' title='bbox 1124 2822 1260 2908; x_wconf 89' lang='lat' dir='ltr'>templi,</span> 
     </span>
     <span class='ocr_line' id='line_1_25' title="bbox 143 2925 997 3013; baseline -0.001 -23"><span class='ocrx_word' id='word_1_169' title='bbox 143 2927 184 2990; x_wconf 88' lang='lat' dir='ltr'>ab</span> <span class='ocrx_word' id='word_1_170' title='bbox 204 2933 280 2990; x_wconf 91' lang='lat' dir='ltr'>ortu</span> <span class='ocrx_word' id='word_1_171' title='bbox 301 2926 382 2989; x_wconf 91' lang='lat' dir='ltr'>solis</span> <span class='ocrx_word' id='word_1_172' title='bbox 401 2949 509 3012; x_wconf 88' lang='lat' dir='ltr'>usque</span> <span class='ocrx_word' id='word_1_173' title='bbox 529 2927 571 2990; x_wconf 87' lang='lat' dir='ltr'>ad</span> <span class='ocrx_word' id='word_1_174' title='bbox 591 2948 759 3007; x_wconf 88' lang='lat' dir='ltr'>occasum,</span> <span class='ocrx_word' id='word_1_175' title='bbox 783 2925 997 3013; x_wconf 87' lang='lat' dir='ltr'>recipiantur.</span> 
     </span>
    </p>

    <p class='ocr_par' dir='ltr' id='par_1_9' title="bbox 188 3027 1259 3115">
     <span class='ocr_line' id='line_1_26' title="bbox 188 3027 1259 3115; baseline 0.002 -23"><span class='ocrx_word' id='word_1_176' title='bbox 188 3029 241 3093; x_wconf 85' lang='lat'>30.</span> <span class='ocrx_word' id='word_1_177' title='bbox 271 3028 341 3091; x_wconf 91' lang='lat' dir='ltr'>Viri</span> <span class='ocrx_word' id='word_1_178' title='bbox 366 3035 399 3092; x_wconf 90' lang='lat' dir='ltr'>et</span> <span class='ocrx_word' id='word_1_179' title='bbox 418 3029 577 3092; x_wconf 90' lang='lat' dir='ltr'>mulieres</span> <span class='ocrx_word' id='word_1_180' title='bbox 602 3029 784 3115; x_wconf 87' lang='lat' dir='ltr'>separatim</span> <span class='ocrx_word' id='word_1_181' title='bbox 806 3029 976 3093; x_wconf 89' lang='lat' dir='ltr'>dormiant</span> <span class='ocrx_word' id='word_1_182' title='bbox 995 3035 1029 3093; x_wconf 90' lang='lat' dir='ltr'>et</span> <span class='ocrx_word' id='word_1_183' title='bbox 1055 3027 1259 3094; x_wconf 81' lang='lat' dir='ltr'>reficiantur.</span> 
     </span>
    </p>

    <p class='ocr_par' dir='ltr' id='par_1_10' title="bbox 142 3131 1263 3321">
     <span class='ocr_line' id='line_1_27' title="bbox 186 3131 1263 3218; baseline -0.001 -23"><span class='ocrx_word' id='word_1_184' title='bbox 186 3131 391 3195; x_wconf 89' lang='lat' dir='ltr'>Nullatenus</span> <span class='ocrx_word' id='word_1_185' title='bbox 406 3132 506 3195; x_wconf 88' lang='lat' dir='ltr'>liceat</span> <span class='ocrx_word' id='word_1_186' title='bbox 521 3132 604 3195; x_wconf 89' lang='lat' dir='ltr'>viris</span> <span class='ocrx_word' id='word_1_187' title='bbox 623 3131 755 3218; x_wconf 87' lang='lat' dir='ltr'>ingredi</span> <span class='ocrx_word' id='word_1_188' title='bbox 775 3132 966 3196; x_wconf 89' lang='lat' dir='ltr'>habitacula</span> <span class='ocrx_word' id='word_1_189' title='bbox 982 3132 1180 3213; x_wconf 74' lang='lat' dir='ltr'>mulierum,</span> <span class='ocrx_word' id='word_1_190' title='bbox 1202 3152 1263 3194; x_wconf 88' lang='lat' dir='ltr'>nec</span> 
     </span>
     <span class='ocr_line' id='line_1_28' title="bbox 142 3227 1210 3321; baseline 0.001 -23"><span class='ocrx_word' id='word_1_191' title='bbox 142 3233 342 3298; x_wconf 90' lang='lat' dir='ltr'>mulieribus</span> <span class='ocrx_word' id='word_1_192' title='bbox 358 3234 520 3316; x_wconf 83' lang='lat' dir='ltr'>virorum,</span> <span class='ocrx_word' id='word_1_193' title='bbox 539 3234 610 3297; x_wconf 91' lang='lat' dir='ltr'>sine</span> <span class='ocrx_word' id='word_1_194' title='bbox 626 3240 711 3298; x_wconf 88' lang='lat' dir='ltr'>teste</span> <span class='ocrx_word' id='word_1_195' title='bbox 727 3258 745 3298; x_wconf 91' lang='lat' dir='ltr'>a</span> <span class='ocrx_word' id='word_1_196' title='bbox 761 3234 923 3321; x_wconf 86' lang='lat' dir='ltr'>magistro</span> <span class='ocrx_word' id='word_1_197' title='bbox 943 3234 1007 3298; x_wconf 92' lang='lat' dir='ltr'>sibi</span> <span class='ocrx_word' id='word_1_198' title='bbox 1023 3227 1210 3321; x_wconf 82' lang='lat' dir='ltr'>designate.</span> 
     </span>
    </p>

    <p class='ocr_par' dir='ltr' id='par_1_11' title="bbox 142 3335 1262 3503">
     <span class='ocr_line' id='line_1_29' title="bbox 187 3335 1262 3419; baseline -0.001 -19"><span class='ocrx_word' id='word_1_199' title='bbox 187 3335 241 3402; x_wconf 88' lang='lat' dir='ltr'>3l.</span> <span class='ocrx_word' id='word_1_200' title='bbox 268 3335 339 3399; x_wconf 90' lang='lat' dir='ltr'>Viri</span> <span class='ocrx_word' id='word_1_201' title='bbox 368 3336 403 3398; x_wconf 94' lang='lat' dir='ltr'>in</span> <span class='ocrx_word' id='word_1_202' title='bbox 432 3336 561 3400; x_wconf 90' lang='lat' dir='ltr'>braccis</span> <span class='ocrx_word' id='word_1_203' title='bbox 586 3342 619 3400; x_wconf 92' lang='lat' dir='ltr'>et</span> <span class='ocrx_word' id='word_1_204' title='bbox 643 3335 790 3400; x_wconf 89' lang='lat' dir='ltr'>camisiis</span> <span class='ocrx_word' id='word_1_205' title='bbox 817 3337 1004 3419; x_wconf 75' lang='lat' dir='ltr'>dormiant,</span> <span class='ocrx_word' id='word_1_206' title='bbox 1038 3337 1197 3401; x_wconf 88' lang='lat' dir='ltr'>mulieres</span> <span class='ocrx_word' id='word_1_207' title='bbox 1228 3336 1262 3399; x_wconf 88' lang='lat' dir='ltr'>iu</span> 
     </span>
     <span class='ocr_line' id='line_1_30' title="bbox 142 3438 303 3503; baseline 0.006 -1"><span class='ocrx_word' id='word_1_208' title='bbox 142 3438 303 3503; x_wconf 90' lang='lat' dir='ltr'>camisiis.</span> 
     </span>
    </p>

    <p class='ocr_par' dir='ltr' id='par_1_12' title="bbox 142 3539 1263 3732">
     <span class='ocr_line' id='line_1_31' title="bbox 186 3539 1260 3624; baseline 0.002 -20"><span class='ocrx_word' id='word_1_209' title='bbox 186 3540 240 3605; x_wconf 83' lang='lat'>32.</span> <span class='ocrx_word' id='word_1_210' title='bbox 269 3539 307 3603; x_wconf 94' lang='lat' dir='ltr'>ln</span> <span class='ocrx_word' id='word_1_211' title='bbox 328 3540 526 3604; x_wconf 88' lang='lat' dir='ltr'>dormitorio</span> <span class='ocrx_word' id='word_1_212' title='bbox 547 3540 761 3604; x_wconf 89' lang='lat' dir='ltr'>sacerdotum</span> <span class='ocrx_word' id='word_1_213' title='bbox 778 3542 892 3605; x_wconf 90' lang='lat' dir='ltr'>nullus</span> <span class='ocrx_word' id='word_1_214' title='bbox 908 3542 1054 3607; x_wconf 89' lang='lat' dir='ltr'>dormiat</span> <span class='ocrx_word' id='word_1_215' title='bbox 1069 3548 1260 3624; x_wconf 75' lang='lat' dir='ltr'>extraneuS,</span> 
     </span>
     <span class='ocr_line' id='line_1_32' title="bbox 142 3642 1263 3732; baseline 0.001 -26"><span class='ocrx_word' id='word_1_216' title='bbox 142 3643 207 3706; x_wconf 92' lang='lat' dir='ltr'>nisi</span> <span class='ocrx_word' id='word_1_217' title='bbox 222 3643 282 3729; x_wconf 89' lang='lat' dir='ltr'>qui</span> <span class='ocrx_word' id='word_1_218' title='bbox 297 3642 455 3708; x_wconf 89' lang='lat' dir='ltr'>sacerdos</span> <span class='ocrx_word' id='word_1_219' title='bbox 470 3643 525 3707; x_wconf 88' lang='lat' dir='ltr'>vel</span> <span class='ocrx_word' id='word_1_220' title='bbox 545 3643 687 3708; x_wconf 89' lang='lat' dir='ltr'>clericus</span> <span class='ocrx_word' id='word_1_221' title='bbox 704 3644 817 3725; x_wconf 88' lang='lat' dir='ltr'>fuerit,</span> <span class='ocrx_word' id='word_1_222' title='bbox 838 3652 871 3708; x_wconf 89' lang='lat' dir='ltr'>et</span> <span class='ocrx_word' id='word_1_223' title='bbox 886 3645 972 3708; x_wconf 91' lang='lat' dir='ltr'>bone</span> <span class='ocrx_word' id='word_1_224' title='bbox 989 3651 1022 3708; x_wconf 90' lang='lat' dir='ltr'>et</span> <span class='ocrx_word' id='word_1_225' title='bbox 1036 3646 1176 3709; x_wconf 89' lang='lat' dir='ltr'>honeste</span> <span class='ocrx_word' id='word_1_226' title='bbox 1192 3645 1263 3732; x_wconf 90' lang='lat' dir='ltr'>opi-</span> 
     </span>
    </p>
   </div>
   <div class='ocr_carea' id='block_1_3' title="bbox 138 4025 1263 4340">
    <p class='ocr_par' dir='ltr' id='par_1_13' title="bbox 139 4025 1262 4215">
     <span class='ocr_line' id='line_1_33' title="bbox 171 4025 1262 4091; baseline 0.002 -19"><span class='ocrx_word' id='word_1_227' title='bbox 171 4031 194 4074; x_wconf 86' lang='lat'>1.</span> <span class='ocrx_word' id='word_1_228' title='bbox 214 4025 265 4073; x_wconf 92' lang='lat' dir='ltr'>Les</span> <span class='ocrx_word' id='word_1_229' title='bbox 276 4025 431 4074; x_wconf 76' lang='lat' dir='ltr'>differentes</span> <span class='ocrx_word' id='word_1_230' title='bbox 447 4027 624 4089; x_wconf 89' lang='lat' dir='ltr'>dispositions</span> <span class='ocrx_word' id='word_1_231' title='bbox 636 4028 763 4075; x_wconf 85' lang='lat' dir='ltr'>relatives</span> <span class='ocrx_word' id='word_1_232' title='bbox 781 4044 813 4076; x_wconf 88' lang='lat' dir='ltr'>au</span> <span class='ocrx_word' id='word_1_233' title='bbox 827 4029 949 4091; x_wconf 88' lang='lat' dir='ltr'>chapitre</span> <span class='ocrx_word' id='word_1_234' title='bbox 965 4028 1100 4076; x_wconf 85' lang='lat' dir='ltr'>semblent</span> <span class='ocrx_word' id='word_1_235' title='bbox 1115 4043 1151 4074; x_wconf 93' lang='lat' dir='ltr'>un</span> <span class='ocrx_word' id='word_1_236' title='bbox 1165 4026 1262 4088; x_wconf 76' lang='lat' dir='ltr'>abre&#39;ge</span> 
     </span>
     <span class='ocr_line' id='line_1_34' title="bbox 139 4088 1262 4153; baseline 0 -18"><span class='ocrx_word' id='word_1_237' title='bbox 139 4089 188 4136; x_wconf 89' lang='lat' dir='ltr'>des</span> <span class='ocrx_word' id='word_1_238' title='bbox 207 4088 402 4150; x_wconf 84' lang='lat' dir='ltr'>prescriptions</span> <span class='ocrx_word' id='word_1_239' title='bbox 423 4089 563 4152; x_wconf 86' lang='lat' dir='ltr'>beaucoup</span> <span class='ocrx_word' id='word_1_240' title='bbox 583 4091 643 4152; x_wconf 91' lang='lat' dir='ltr'>plus</span> <span class='ocrx_word' id='word_1_241' title='bbox 664 4090 802 4138; x_wconf 75' lang='lat' dir='ltr'>detaillees</span> <span class='ocrx_word' id='word_1_242' title='bbox 823 4092 931 4153; x_wconf 78' lang='lat' dir='ltr'>portdes</span> <span class='ocrx_word' id='word_1_243' title='bbox 952 4106 1000 4153; x_wconf 85' lang='lat' dir='ltr'>par</span> <span class='ocrx_word' id='word_1_244' title='bbox 1017 4092 1055 4138; x_wconf 89' lang='lat' dir='ltr'>les</span> <span class='ocrx_word' id='word_1_245' title='bbox 1073 4093 1212 4138; x_wconf 90' lang='lat' dir='ltr'>coutumes</span> <span class='ocrx_word' id='word_1_246' title='bbox 1229 4090 1262 4136; x_wconf 88' lang='lat' dir='ltr'>de</span> 
     </span>
     <span class='ocr_line' id='line_1_35' title="bbox 139 4150 897 4215; baseline 0.004 -17"><span class='ocrx_word' id='word_1_247' title='bbox 139 4150 261 4210; x_wconf 82' lang='lat' dir='ltr'>Clteaux,</span> <span class='ocrx_word' id='word_1_248' title='bbox 275 4153 326 4199; x_wconf 85' lang='lat' dir='ltr'>art.</span> <span class='ocrx_word' id='word_1_249' title='bbox 340 4151 421 4199; x_wconf 87' lang='lat' dir='ltr'>LXX.</span> <span class='ocrx_word' id='word_1_250' title='bbox 440 4152 510 4215; x_wconf 87' lang='lat' dir='ltr'>Voy.</span> <span class='ocrx_word' id='word_1_251' title='bbox 525 4153 672 4213; x_wconf 82' lang='lat' dir='ltr'>Guignard,</span> <span class='ocrx_word' id='word_1_252' title='bbox 686 4168 712 4215; x_wconf 89' lang='lat' dir='ltr'>p.</span> <span class='ocrx_word' id='word_1_253' title='bbox 727 4158 770 4200; x_wconf 82' lang='lat'>167</span> <span class='ocrx_word' id='word_1_254' title='bbox 789 4155 816 4201; x_wconf 89' lang='lat' dir='ltr'>et</span> <span class='ocrx_word' id='word_1_255' title='bbox 829 4155 897 4202; x_wconf 89' lang='lat' dir='ltr'>suiv.</span> 
     </span>
    </p>

    <p class='ocr_par' dir='ltr' id='par_1_14' title="bbox 138 4212 1263 4340">
     <span class='ocr_line' id='line_1_36' title="bbox 171 4212 1263 4278; baseline -0.001 -17"><span class='ocrx_word' id='word_1_256' title='bbox 171 4219 194 4261; x_wconf 82' lang='lat'>2.</span> <span class='ocrx_word' id='word_1_257' title='bbox 214 4212 291 4261; x_wconf 89' lang='lat' dir='ltr'>Cette</span> <span class='ocrx_word' id='word_1_258' title='bbox 308 4214 387 4274; x_wconf 89' lang='lat' dir='ltr'>peine</span> <span class='ocrx_word' id='word_1_259' title='bbox 407 4215 465 4261; x_wconf 90' lang='lat' dir='ltr'>doit</span> <span class='ocrx_word' id='word_1_260' title='bbox 485 4216 541 4263; x_wconf 75' lang='lat' dir='ltr'>ttre</span> <span class='ocrx_word' id='word_1_261' title='bbox 562 4213 680 4276; x_wconf 77' lang='lat' dir='ltr'>insplrde</span> <span class='ocrx_word' id='word_1_262' title='bbox 700 4231 749 4277; x_wconf 90' lang='lat' dir='ltr'>par</span> <span class='ocrx_word' id='word_1_263' title='bbox 767 4217 791 4262; x_wconf 89' lang='lat' dir='ltr'>le</span> <span class='ocrx_word' id='word_1_264' title='bbox 811 4217 934 4278; x_wconf 86' lang='lat' dir='ltr'>chapitre</span> <span class='ocrx_word' id='word_1_265' title='bbox 953 4217 985 4263; x_wconf 90' lang='lat' dir='ltr'>de</span> <span class='ocrx_word' id='word_1_266' title='bbox 1006 4216 1030 4262; x_wconf 92' lang='lat' dir='ltr'>la</span> <span class='ocrx_word' id='word_1_267' title='bbox 1046 4216 1116 4275; x_wconf 73' lang='lat' dir='ltr'>regle</span> <span class='ocrx_word' id='word_1_268' title='bbox 1137 4216 1170 4261; x_wconf 88' lang='lat' dir='ltr'>de</span> <span class='ocrx_word' id='word_1_269' title='bbox 1191 4214 1263 4261; x_wconf 85' lang='lat' dir='ltr'>saint</span> 
     </span>
     <span class='ocr_line' id='line_1_37' title="bbox 138 4275 1224 4340; baseline -0.001 -15"><span class='ocrx_word' id='word_1_270' title='bbox 138 4276 245 4336; x_wconf 81' lang='lat' dir='ltr'>Bcnott,</span> <span class='ocrx_word' id='word_1_271' title='bbox 260 4275 385 4325; x_wconf 78' lang='lat' dir='ltr'>intitule:</span> <span class='ocrx_word' id='word_1_272' title='bbox 401 4293 413 4324; x_wconf 74' lang='lat' dir='ltr'>a</span> <span class='ocrx_word' id='word_1_273' title='bbox 424 4277 465 4325; x_wconf 85' lang='lat' dir='ltr'>De</span> <span class='ocrx_word' id='word_1_274' title='bbox 478 4277 519 4324; x_wconf 88' lang='lat' dir='ltr'>his</span> <span class='ocrx_word' id='word_1_275' title='bbox 532 4278 577 4339; x_wconf 92' lang='lat' dir='ltr'>qui</span> <span class='ocrx_word' id='word_1_276' title='bbox 594 4279 863 4326; x_wconf 87' lang='lat' dir='ltr'>excommunicantur</span> <span class='ocrx_word' id='word_1_277' title='bbox 876 4280 1012 4340; x_wconf 91' lang='lat' dir='ltr'>quomodo</span> <span class='ocrx_word' id='word_1_278' title='bbox 1025 4277 1193 4325; x_wconf 81' lang='lat' dir='ltr'>satisfaciunt</span> <span class='ocrx_word' id='word_1_279' title='bbox 1204 4296 1224 4324; x_wconf 76' lang='grc' dir='ltr'>ฯ.</span> 
     </span>
    </p>
   </div>
   <div class='ocr_carea' id='block_1_4' title="bbox 0 0 1436 4964">
    <p class='ocr_par' dir='ltr' id='par_1_15' title="bbox 0 0 1436 4964">
     <span class='ocr_line' id='line_1_38' title="bbox 0 0 1436 4964; baseline 0 1"><span class='ocrx_word' id='word_1_280' title='bbox 0 0 1436 4964; x_wconf 95' lang='lat' dir='ltr'> </span> 
     </span>
    </p>
   </div>
  </div>
 </body>
</html>
