2864 4964
480 422 709 465 sama-mmai]
728 422 768 464 ua
792 421 880 464 Panis
1174 397 1234 460 all

108 551 194 617 terio
207 549 308 614 oflicii
328 543 509 634 pastoralis
529 543 742 624 incumbunt,
763 542 804 606 de
823 541 950 605 salubri
967 549 1058 606 statu
1077 563 1237 628 persona-

108 678 184 719 rum
210 658 243 717 et
264 652 415 715 locorum
437 646 535 711 nobis
556 645 771 710 subditorum
799 652 833 708 et
857 643 1100 708 reformacione
1122 666 1239 707 eorum

109 755 255 821 sollicite
270 753 420 840 cogitare
432 771 495 813 nos
511 748 671 813 convenit
682 754 716 812 et
731 747 818 811 circa
831 747 893 810 hec
911 746 959 810 sic
972 745 1112 833 provide
1128 745 1240 832 dispo·

109 883 190 925 nere
210 856 313 947 quod,
338 861 455 919 nostra
481 851 651 915 mediante
673 850 915 937 disposicione,
945 872 1087 936 persone
1104 849 1176 936 ipse
1206 847 1241 910 in

110 958 377 1048 transquillitate
404 955 522 1019 vivant
550 959 584 1017 et
608 952 754 1016 Domino
786 952 995 1016 famulentur
1014 958 1047 1015 et
1069 949 1143 1014 loca
1167 951 1241 1037 ipsa

111 1064 226 1129 taliter
240 1061 475 1149 gubernentur
485 1055 577 1142 quod
588 1054 630 1118 ad
646 1055 942 1142 supportacionem
958 1077 1099 1117 onerum
1110 1076 1243 1116 eorum-

113 1167 192 1231 dem
212 1164 365 1227 locorum
394 1159 527 1247 possint
552 1156 703 1221 sufficere
722 1157 914 1221 facultates
945 1156 1031 1221 Cum
1069 1155 1172 1242 igitur
1206 1155 1241 1218 in

114 1269 215 1333 domo
234 1262 419 1353 leprosarie
433 1261 548 1359 Sancti
564 1260 679 1323 Lazari
691 1259 904 1335 Parisiensis,
923 1258 1021 1345 cujus
1034 1258 1069 1320 in
1085 1257 1241 1344 spiritua-

115 1370 206 1435 libus
224 1376 258 1434 et
272 1362 518 1453 temporalibus
531 1362 782 1426 administracio
795 1361 837 1425 ad
851 1384 913 1424 nos
926 1361 1094 1446 pertinere
1108 1359 1245 1445 dignos-

119 1535 1236 1558 Μ

118 1643 309 1703 intervenerit,
320 1641 485 1691 auctoritate
495 1640 645 1704 apostoliea
656 1656 687 1690 cx
697 1645 771 1690 certa
783 1641 899 1691 sciencia
909 1645 1002 1691 tenore
1013 1644 1183 1705 presencium
1192 1659 1244 1692 con

118 1708 259 1755 firmamus
282 1707 309 1753 et
331 1705 467 1767 presentis
488 1705 582 1766 scripti
603 1705 754 1766 patrocinio
774 1706 979 1753 communimus.
1003 1706 1135 1753 Volumus
1159 1709 1249 1754 autem

118 1770 193 1833 quod
207 1769 340 1831 premissa
358 1768 478 1815 clausula
496 1768 529 1814 de
547 1767 714 1826 obediencia,
735 1767 865 1815 fidelitate
885 1771 913 1815 ct
929 1769 1083 1815 reverencia
1095 1769 1249 1830 predictum

120 1832 178 1896 (sic,
191 1846 254 1879 sans
269 1831 351 1878 doute
367 1845 373 1878 2
388 1844 441 1892 per
458 1828 571 1889 dictum)
584 1830 702 1890 priorem
715 1829 742 1875 in
761 1845 808 1877 sua
822 1830 997 1878 institucione
1010 1831 1161 1878 exhibenda
1175 1831 1250 1878 Pari-

119 1894 202 1943 siensi
217 1893 348 1955 episcopo
363 1907 394 1938 ac
408 1892 467 1953 ejus
476 1892 594 1950 vicariis,
609 1892 726 1951 officiali,
740 1906 771 1938 ac
784 1893 972 1940 visitatoribus
985 1908 1033 1954 per
1045 1893 1135 1954 ipsum
1148 1894 1250 1955 episco-

118 1971 184 2020 pum
198 1957 233 2003 ad
245 1955 411 2002 audiendum
425 1958 583 2016 compotum
597 1954 703 2015 piorum
717 1955 838 2001 locorum
851 1955 989 2017 deputatis
1004 1956 1146 2003 dumtaxat
1158 1961 1185 2004 et
1195 1971 1249 2003 non

119 2021 153 2067 de
166 2018 226 2066 aliis
239 2017 367 2080 gentibus
387 2016 452 2063 dicti
467 2017 588 2077 episcopi
602 2017 777 2077 intelligatur.
792 2017 813 2063 T
815 2032 881 2064 cnor
894 2021 984 2064 autem
1002 2018 1136 2065 dictarum
1146 2019 1250 2066 littera-

118 2096 180 2130 rum
193 2080 256 2128 talis
270 2082 340 2128 est..
356 2078 449 2141 (Teate
462 2079 509 2126 des
520 2079 639 2137 statuta).
652 2078 723 2126 Nulli
736 2093 800 2139 ergo
813 2080 923 2126 omnino
937 2081 1076 2127 hominum
1087 2080 1167 2128 liceat
1180 2081 1250 2127 hanc

119 2144 246 2207 paginam
259 2144 352 2189 nostre
368 2141 585 2188 confirmacionis
604 2143 632 2187 et
644 2141 793 2188 voluntatis
812 2142 966 2202 infringere,
986 2143 1029 2189 vel
1048 2142 1072 2189 ci
1085 2158 1152 2190 ausu
1166 2146 1249 2190 teme·

119 2207 191 2254 rario
205 2205 352 2252 contraire.
365 2203 392 2251 si
407 2203 466 2265 quis
479 2205 569 2250 autem
583 2203 635 2250 hoc
647 2206 810 2264 attemptare
824 2205 1019 2265 presumpserit
1031 2205 1249 2266 indignacionem

120 2266 329 2329 Omnipotentis
342 2266 392 2313 Dei
407 2269 436 2313 et
448 2265 590 2313 beatorum
605 2266 678 2312 Petri
691 2269 719 2313 et
737 2267 812 2313 Pauli
826 2267 1013 2328 apostolorum
1025 2267 1083 2327 ejus
1096 2282 1124 2314 sc
1142 2268 1250 2315 noverit

120 2328 1248 2391 incursurumDatumapudVillamNovam,Avinioncnsisdioccsis,vnidusjunii,

121 2391 300 2456 pontificatus
313 2391 398 2438 nostri
410 2405 480 2438 anno
492 2392 602 2451 quinto;
615 2391 653 2438 sic
666 2391 802 2452 signatum
814 2392 884 2438 infra
897 2392 1045 2452 marginum
1053 2405 1058 2438 :
1066 2391 1096 2437 B.
1107 2392 1249 2454 Maynardi

121 2459 149 2504 et
160 2469 244 2517 supra
256 2453 404 2514 marginem
420 2467 425 2499 :
440 2453 472 2500 G.
487 2452 621 2514 quintum.
636 2454 735 2501 Actum
750 2455 800 2500 fuit
820 2469 930 2514 presens
943 2455 1145 2515 transcriptum,
1160 2469 1250 2501 exem-

120 2517 215 2581 plarve
235 2530 283 2564 seu
313 2516 451 2577 publicum
472 2515 684 2562 instrumentum
707 2516 827 2562 Parisius
846 2516 873 2562 in
898 2517 978 2563 domo
997 2516 1177 2563 habitacionis
1197 2517 1248 2563 mei

120 2578 221 2628 notarii
242 2577 345 2640 publici
359 2577 535 2638 infrascripti,
553 2578 604 2625 sita
625 2578 652 2624 in
673 2579 733 2625 vico
746 2581 902 2639 nuncupato
920 2579 1013 2640 gallice
1032 2579 1063 2625 de
1077 2579 1113 2626 La
1131 2578 1248 2638 Pomme,

120 2656 192 2690 anno
203 2640 315 2688 Domini
329 2640 471 2686 millesimo
485 2640 752 2701 quadringentesimo
761 2641 865 2701 quinto,
877 2640 1024 2688 indictione
1038 2641 1120 2688 tercia
1134 2641 1247 2700 decima,

120 2703 222 2752 mensis
233 2716 298 2750 vcro
312 2702 418 2763 augusti
432 2702 474 2748 die
483 2701 612 2749 vicesima
622 2703 725 2763 quinta,
737 2704 912 2763 pontificatus
925 2703 1087 2750 sanctissimi
1100 2704 1126 2750 in
1141 2704 1249 2752 Christo

121 2765 208 2830 patris
226 2767 253 2812 et
271 2765 373 2811 domini
391 2764 478 2812 nostri
496 2765 597 2811 domini
617 2764 757 2812 Benedicti
782 2766 874 2812 divina
893 2766 1067 2826 providencia
1084 2781 1153 2828 pape
1172 2767 1248 2813 tercii

122 2828 222 2876 decimi
250 2841 321 2874 anno
358 2827 511 2874 undecimo.
540 2827 715 2875 Presentibus
735 2828 768 2875 ad
798 2828 849 2875 hoc
876 2829 1000 2875 discretis
1034 2828 1100 2874 viris
1131 2829 1249 2876 dominis

122 2889 271 2939 Eustachio
293 2889 432 2948 Vacherii‚
462 2890 593 2936 canonico
619 2889 753 2951 Sepulcry
780 2891 952 2950 Parisicnsis,
983 2890 1124 2938 Gauiirido
1153 2891 1248 2949 Petes,

122 2951 269 3001 machicoti
288 2952 315 2998 in
333 2951 446 2999 ecelesia
464 2951 618 3008 Parisicnsi‚
635 2955 662 2999 et
676 2952 771 3014 Egidio
790 2953 948 3014 Champion,
967 2955 1061 3000 curato
1075 2953 1250 3014 parrochialis

123 3015 237 3063 ecclesie
261 3013 354 3062 Sancti
376 3013 448 3061 Petri
472 3014 581 3071 veteris,
608 3014 833 3075 Rothomagcnsis
853 3015 978 3073 diocesis,
997 3014 1155 3075 presbiteris
1174 3015 1249 3062 Pari-

123 3077 229 3136 siensis,
250 3075 471 3124 Constanc'iensis
489 3077 516 3123 et
532 3076 757 3138 Rothomagensis
775 3078 923 3135 diocesum,
937 3078 1053 3124 testibus
1067 3079 1101 3124 ad
1118 3077 1249 3139 premissa

123 3139 230 3188 vocatis
255 3138 409 3210 specialiter
435 3141 462 3186 ct
486 3139 595 3200 rogatis.
622 3139 656 3186 Et
678 3154 727 3200 ego
749 3140 886 3186 Johunucs
913 3140 1077 3195 Bcausamis‚
1104 3140 1247 3200 presbiter,

123 3202 254 3264 magister
270 3215 298 3247 in
317 3201 421 3248 artibus
442 3201 667 3263 Rothomagensis
680 3202 805 3251 diocesis,
819 3201 944 3262 publicus
957 3202 1105 3263 apostolica
1118 3204 1145 3249 et
1164 3202 1250 3263 impe-

124 3263 183 3311 riali
195 3263 360 3311 auctoritate
373 3263 503 3321 notarius,
516 3264 578 3324 quia
593 3265 626 3311 de
641 3265 760 3325 presenti
774 3264 938 3325 transcripto
951 3265 1008 3311 sive
1022 3265 1131 3326 publico
1147 3264 1249 3311 instru-

124 3328 217 3375 mento
236 3326 272 3373 ad
288 3324 393 3373 litteras
411 3325 554 3387 originales
573 3327 742 3387 supradictas
762 3341 814 3373 una
832 3342 893 3373 cum
913 3327 1018 3373 notario
1030 3327 1139 3388 publico
1152 3326 1250 3373 infras-

126 3389 214 3451 cripto
241 3389 268 3435 et
291 3387 409 3436 testibus
437 3388 664 3449 supranominatis
690 3389 866 3436 collacionem
896 3389 947 3436 feei
977 3389 1136 3451 diligentem
1164 3403 1248 3450 eaque

126 3451 236 3498 omnino
256 3450 421 3497 concordare
439 3451 539 3509 inveni,
560 3451 598 3497 nil
618 3450 710 3498 addito
732 3451 775 3498 vel
803 3454 907 3499 remoto
934 3452 1005 3512 quod
1030 3467 1139 3499 sensum
1164 3454 1250 3499 mutet

126 3527 173 3560 seu
189 3512 279 3561 variet
297 3511 474 3569 intellectum,
494 3513 556 3560 ideo
576 3513 639 3560 huic
661 3513 780 3574 presenti
800 3516 986 3575 transsumpto
1004 3529 1049 3561 seu
1068 3515 1249 3561 instrumento

125 3574 237 3637 publico
253 3588 335 3623 manu
347 3589 406 3622 mea
418 3575 534 3623 fideliter
553 3576 655 3637 scripto
671 3577 776 3637 signum
789 3590 878 3623 mcum
893 3577 1006 3637 apposui
1018 3580 1187 3635 consuetum,
1206 3577 1249 3624 hic

126 3635 362 3747 pieBsubscribens
380 3637 408 3684 in
431 3637 616 3685 testimonium
640 3639 834 3700 premissorum
855 3639 1009 3700 requisitus.
1029 3636 1072 3685 Sic
1092 3640 1247 3700 signatum:

145 3733 151 3747 .
191 3713 334 3747 eausanus.

158 3780 170 3804 «
184 3761 219 3808 Et
231 3761 294 3823 quia
308 3775 357 3823 ego
365 3760 503 3808 Johannes
516 3761 641 3809 Balduini
654 3764 687 3810 de
697 3763 853 3824 Mittryac0‚
865 3764 1011 3812 Meldensis
1021 3764 1136 3811 diocesis
1147 3763 1249 3826 presbi-

127 3827 178 3885 ter,
188 3823 351 3872 auctoritate
362 3824 512 3896 apostolica
523 3826 550 3871 et
560 3824 693 3886 imperiali
705 3825 831 3887 publicus
839 3840 870 3873 ac
881 3826 1045 3874 venerabilis
1057 3825 1248 3874 Universitatis

128 3884 547 3947 Parisiensisnotariusjaratus,
568 3886 601 3934 de
626 3887 745 3948 presenti
767 3890 932 3951 transcripto
952 3904 999 3936 seu
1011 3891 1196 3950 transsumpto
1214 3889 1248 3935 ad

129 3947 258 4010 originale
276 3948 428 3995 litterarum
452 3948 661 4010 apostolicarum
681 3949 893 4012 preinsertarum
922 3966 983 3999 cum
1007 3953 1113 3998 notario
1133 3950 1247 4013 prefato,

128 4009 244 4058 testibus
265 4011 461 4072 prenominatis
484 4011 666 4072 presentibus,
692 4012 868 4061 collacionem
895 4015 946 4062 feci
973 4014 1141 4075 diligentem,
1165 4027 1248 4074 eaque

130 4074 295 4122 concordare
314 4073 412 4135 reperi,
430 4072 468 4120 nil
487 4073 581 4120 addito
603 4073 646 4120 vel
664 4078 768 4122 remoto
788 4078 860 4137 quod
881 4077 968 4124 variet
987 4076 1164 4133 intellectum,
1186 4075 1248 4121 ideo

129 4148 240 4245 presens
254 4136 470 4197 transsumptum
482 4149 563 4182 manu
576 4135 662 4197 ipsius
679 4137 778 4184 notarii
795 4139 928 4201 scriptum
948 4138 1023 4199 signo
1036 4153 1095 4185 meo
1113 4138 1193 4185 solito
1206 4150 1249 4183 me

147 4196 173 4245 ic
184 4196 296 4270 propria
308 4210 390 4245 manu
403 4196 600 4244 subscribendo
611 4198 716 4270 signavi
724 4200 752 4247 in
761 4201 946 4249 testimonium
954 4200 1147 4263 premissorum
1160 4197 1249 4260 requi·

130 4258 425 4321 situs.Sics1gnatu1n:
439 4258 576 4307 Johannes
589 4260 712 4309 Balduini
726 4281 747 4310 a.

195 4349 222 4390 L.
236 4349 266 4389 ιι
279 4349 360 4390 eun.
373 4370 393 4381 -
405 4349 497 4392 Statute
515 4348 701 4394 d'Hdtels-Dieu.
1156 4353 1181 4393 16
