2828 4956
388 393 665 438 sesso-nstrum·
693 393 731 437 ne
754 393 913 438 enarrans
1145 374 1209 438 217

89 517 250 582 videlicet
266 515 424 594 secunda,
444 523 565 603 quarte
585 524 618 580 ct
639 524 733 580 sexta
754 514 847 595 serio,
867 524 900 580 et
925 515 1084 603 predictis
1104 515 1211 582 tribus

89 619 222 699 diebus,
236 618 449 706 presentibus
464 626 497 682 et
513 618 706 682 convocatis
722 617 904 697 sororibus,
922 619 1062 683 totidem
1077 619 1110 683 iu
1123 620 1211 707 capi-

88 724 163 788 tulo
187 722 327 809 recipiat
345 721 541 808 disciplinas
566 743 574 789 τ
601 721 701 785 istem
721 729 834 785 autem
861 744 982 808 penam
1009 721 1208 802 substineat,

90 825 196 889 donec
208 825 300 911 prior
307 824 432 890 dictam
445 846 579 911 penam,
590 823 631 887 de
642 846 783 887 assensu
798 823 957 910 episcopi,
968 824 1101 889 duxerit
1114 848 1212 889 revo-

89 926 245 992 candem.

135 1027 189 1094 13.
216 1028 340 1093 Nullus
368 1027 533 1093 dedomo
560 1051 674 1105 sanus,
700 1028 754 1091 vel
780 1037 960 1093 extraneus
984 1051 1099 1108 sanus,
1130 1053 1208 1094 cum

89 1130 232 1218 leprosis
251 1130 404 1195 comedat
420 1129 474 1194 vel
490 1128 594 1206 bibat,
616 1153 676 1194 nec
695 1130 729 1194 in
745 1130 902 1194 domibus
918 1154 1034 1195 eorum
1058 1155 1118 1196 nec
1135 1155 1210 1219 per-

91 1241 205 1298 noctet
218 1257 280 1298 nec
294 1233 401 1321 possit
419 1256 520 1320 syper
540 1233 602 1297 hoc
619 1232 731 1297 dictus
748 1233 839 1319 prior
858 1233 1063 1322 dispensare.
1082 1235 1118 1299 Si
1133 1235 1210 1321 quis

90 1359 171 1400 vero
188 1342 304 1399 contra
325 1335 455 1416 lecerit,
472 1335 551 1398 vino
571 1342 682 1400 careat
697 1358 764 1398 uno
789 1335 858 1415 die;
881 1336 1036 1422 leprosus
1052 1359 1130 1400 vero
1152 1337 1210 1423 qui

91 1460 168 1501 eum
188 1437 383 1501 invitaverit
402 1438 473 1502 sive
488 1438 650 1524 receperit
667 1461 752 1526 pena
770 1438 936 1502 consimili
956 1439 1126 1525 puniatur.

136 1539 189 1607 ll.
216 1540 355 1628 Leprosi
370 1562 438 1603 non
448 1540 573 1605 intrent
594 1540 745 1604 ollicinas
761 1564 919 1605 sanorum
932 1549 965 1605 et
980 1540 1103 1605 cibario
1121 1554 1211 1605 cont-

92 1643 206 1707 munia
219 1650 357 1727 tangere
377 1665 444 1706 non
464 1650 678 1730 presumant;
703 1667 763 1730 per
782 1643 909 1707 curiam
931 1666 997 1706 non
1021 1642 1212 1708 discurrant

90 1767 150 1809 nec
165 1753 340 1810 transeant
352 1746 549 1832 petronam¹
571 1744 628 1809 ubi
649 1753 806 1809 oneratur
824 1745 978 1823 bladum;
1001 1768 1061 1809 nec
1085 1745 1212 1810 intrent

71 1908 75 1916 .
91 1846 216 1934 logiam
225 1847 239 1890 '²
249 1870 313 1934 que
326 1846 419 1912 ducit
431 1846 547 1933 alogia
561 1871 622 1934 per
633 1871 736 1934 quam
748 1849 816 1912 itur
827 1870 945 1911 versus
958 1847 1083 1912 dictam
1099 1855 1211 1935 petro-

90 1957 219 2014 namet
247 1972 364 2014 versus
384 1950 561 2036 capellam,
583 1950 649 2013 nisi
675 1973 749 2014 raro
777 1965 810 2015 et
840 1950 1076 2015 tantummodo
1100 1958 1211 2015 trans-

91 2052 234 2133 seund0;
252 2060 296 2131 et,
317 2052 345 2114 si
363 2052 439 2139 quis
459 2059 574 2116 contra
589 2053 651 2116 hoc
671 2052 798 2133 lecerit,
817 2060 867 2116 tot
885 2052 1016 2116 vicibus
1031 2061 1113 2140 quot
1133 2076 1211 2116 con-

90 2162 139 2219 tra
159 2155 224 2218 hoc
240 2155 489 2242 presumpxerit
509 2162 710 2241 atteuptere,
733 2178 792 2241 per
807 2154 1089 2220 substractionem
1112 2155 1208 2241 [vini]

90 2264 122 2321 ct
141 2256 294 2321 carnium
313 2257 482 2343 puniatur.

134 2359 188 2424 15.
216 2357 356 2423 Sorores
376 2382 455 2423 sane
475 2381 542 2422 non
570 2358 700 2436 bibant,
722 2381 783 2422 nec
806 2359 984 2423 comedant
1006 2382 1066 2423 nec
1076 2359 1211 2446 jaceant

92 2483 166 2525 cum
180 2459 378 2524 mulieribus
389 2461 547 2546 leprosis;
560 2468 674 2524 tamen
688 2483 768 2525 sane
782 2459 940 2524 mulieres
953 2468 1130 2525 teneantur
1144 2483 1211 2524 ser-

91 2563 159 2627 vire
178 2562 321 2649 leprosis
338 2562 537 2626 mulieribus
557 2561 742 2626 secundum
760 2562 1017 2649 dispositionem
1038 2563 1208 2649 priorisse.

133 2663 187 2729 lb.
216 2665 383 2729 Teneatur
412 2672 525 2729 autem
555 2665 713 2752 priorissa
742 2664 919 2751 providere
944 2664 985 2729 de
1012 2663 1213 2728 mulieribus

91 2766 261 2831 sororibus
278 2767 321 2831 ad
339 2766 530 2831 faciendum
550 2767 656 2831 lectos
679 2768 890 2854 leprosorum
914 2767 1098 2831 secundum
1123 2765 1213 2853 quod

90 2867 265 2933 honestius
285 2868 406 2934 viderit
421 2868 590 2956 expedire,
608 2892 669 2932 nec
686 2870 813 2933 intrent
837 2868 1007 2952 mulieres
1025 2868 1068 2932 ad
1090 2867 1212 2932 facien-

90 2970 169 3034 dum
183 2971 300 3051 lectoS,
314 2970 460 3057 hospitia
472 2970 807 3057 leprosorum,donec
818 2972 953 3057 leprosi,
965 2971 1023 3058 qui
1036 2971 1211 3035 commode

89 3073 177 3136 exire
195 3073 354 3160 poterint,
372 3073 515 3136 exierint
530 3074 690 3138 universi.

132 3174 186 3239 ll.
213 3173 314 3238 Nulla
333 3197 428 3238 soror
451 3175 484 3237 in
518 3174 710 3240 lavenderia
746 3183 916 3240 remaneat
946 3176 1012 3239 nisi
1036 3175 1210 3262 usquead

87 3277 167 3341 solis
184 3297 357 3356 occasum3
377 3277 437 3341 sed
455 3277 519 3341 alie
535 3278 694 3341 mulieres
714 3302 779 3364 que
801 3279 939 3343 trahunt
959 3301 1082 3364 aquam
1102 3300 1209 3342 rema·

88 3386 189 3444 neant
208 3379 310 3443 ibide
327 3386 425 3443 nocte
446 3400 453 3445 :
471 3387 504 3444 et
522 3379 550 3442 si
567 3380 677 3465 aliqua
694 3403 788 3442 soror
800 3380 847 3443 ibi
865 3381 906 3444 de
924 3387 1022 3445 nocte
1038 3402 1210 3444 remanse-

89 3482 142 3564 rit,
163 3480 220 3544 illa
236 3480 289 3545 die
307 3504 373 3567 qua
388 3482 587 3545 remanserit
601 3481 664 3544 sibi
680 3482 796 3545 vinum
813 3506 889 3546 cum
902 3483 1059 3546 carnibus
1077 3483 1211 3570 alullle-

89 3590 181 3647 ratur
194 3590 228 3647 et
242 3605 345 3646 unam
361 3583 395 3646 in
416 3584 564 3670 capitulo
581 3584 719 3671 recipiat
739 3584 964 3670 disciplinam.

134 3683 186 3749 18.
214 3684 322 3748 Panni
333 3708 412 3748 vero
429 3709 588 3749 sanorum
604 3709 680 3750 cum
696 3687 817 3773 pannis
834 3687 1045 3774 leprosorum
1065 3688 1211 3752 nullate-

89 3808 152 3850 nus
168 3786 385 3852 abluantur3.

119 3998 140 4042 1.
160 3993 271 4042 Perron.

119 4061 139 4102 2.
160 4057 268 4104 Galerie
280 4057 377 4105 retient
390 4058 458 4104 deux
473 4073 552 4120 corps
570 4059 602 4105 dc
614 4059 755 4107 bdtiment.

118 4123 139 4166 3.
159 4119 210 4166 Les
226 4118 293 4165 Usus
313 4118 507 4181 dispensatoris
526 4123 635 4181 portent
654 4125 697 4169 cet
715 4123 808 4170 article
831 4137 836 4169 ε
856 4142 866 4163 «
886 4123 915 4169 ln
930 4122 1063 4183 quindeno
1080 4133 1133 4165 una
1148 4120 1207 4168 vice

91 4184 196 4240 oportet
209 4180 293 4227 lavari
306 4181 467 4229 vestimenta
485 4182 624 4229 hominum
642 4186 670 4230 et
682 4185 825 4231 mulierum
844 4188 871 4232 et
889 4183 1012 4231 solebant
1024 4179 1106 4229 lavari
1120 4182 1208 4242 quali-

92 4237 134 4288 bet
147 4242 299 4305 scptimane
312 4257 364 4290 una
374 4244 433 4290 viee
448 4264 459 4287 ι»
472 4244 513 4306 (N.
526 4259 584 4306 aeq.
598 4245 614 4292 l.
629 4249 682 4304 608,
697 4261 723 4307 p.
737 4250 801 4308 187).
