2864 4964
179 408 220 471 38
537 427 670 471 srarurs
701 407 943 473 n‘ubrms-nmc

179 553 406 637 interrumpat
429 549 615 614 orationem
641 573 749 616 suam.
778 553 876 628 Quod
903 552 931 614 si
958 551 1086 631 fecerit,
1113 575 1216 639 super
1240 554 1304 618 hoc

135 667 140 676 '
181 655 393 718 conliteatur.

229 756 279 821 15.
308 755 533 819 Providealur
555 762 669 818 autem
694 764 744 827 ut.
765 757 797 819 in
826 765 976 843 tempore
1002 756 1224 843 probationis,
1244 759 1305 845 qui

179 859 348 937 nescierit,
368 858 476 922 discat
492 858 594 921 Pater
608 867 723 923 noster
736 866 769 923 et
787 860 897 924 Credo
910 860 944 923 in
964 860 1073 924 Deum
1091 869 1124 924 et
1142 861 1304 926 Miserere

182 960 248 1026 mei
267 962 359 1025 Deus
380 968 413 1025 et
431 961 506 1024 Are
523 960 642 1026 Maria.

227 1063 279 1129 lb.
308 1065 373 1127 Pro
389 1063 533 1148 singulis
554 1062 716 1127 fratribus
733 1072 767 1129 et
785 1064 957 1128 sororibus
979 1065 1149 1129 defunctis
1174 1066 1307 1151 singuli

183 1167 373 1231 sacerdotes
405 1166 526 1230 domus
557 1174 626 1230 tres
657 1167 778 1230 missas
806 1168 1013 1253 persolvant,
1047 1191 1125 1232 cum
1158 1168 1304 1234 totidem

182 1268 531 1336 commendationibus
551 1277 584 1333 et
600 1269 727 1354 vigiliis
744 1293 820 1333 cum
841 1291 875 1332 rx
893 1269 1106 1335 lectionibus.

228 1371 378 1450 Quilibet
402 1372 543 1436 clericus
566 1394 750 1435 conversus
773 1395 879 1435 unum
903 1373 1103 1459 psalterium
1128 1372 1305 1447 decantet:

183 1476 337 1541 conversi
359 1483 392 1539 et
417 1497 577 1538 converse
604 1475 662 1562 qui
692 1483 821 1560 septem
849 1475 1001 1561 psalmos
1023 1475 1135 1539 sciunt
1156 1483 1306 1549 tanturn,

183 1603 240 1644 eos
269 1578 449 1642 decantent
480 1578 623 1664 septies:
658 1578 716 1663 qui
744 1585 875 1641 tantum
904 1578 1018 1642 scierit
1047 1578 1209 1642 Miserere
1240 1580 1309 1642 mei

185 1684 288 1759 Deus,
321 1681 567 1767 quinquaginta
601 1679 811 1749 decantabit:
843 1680 901 1766 qui
932 1704 1012 1743 vero
1042 1687 1174 1744 tantum
1206 1681 1311 1744 Pater

184 1793 299 1848 noster
315 1784 458 1864 noverit,
479 1791 614 1846 centuni
632 1782 876 1870 quinquaginta
897 1783 997 1848 dicat.

231 1887 284 1952 ll.
312 1887 437 1950 Nullus
456 1887 490 1948 in
514 1886 660 1950 oratorio
682 1885 804 1948 domus
826 1886 998 1972 loquatur,
1015 1885 1081 1948 nisi
1104 1885 1145 1949 de
1161 1885 1309 1973 hiisque

185 1990 228 2055 ad
245 1990 392 2053 ollicium
414 1989 554 2052 ecclesie
574 1989 757 2074 pertinent,
781 1995 814 2051 et
836 2010 913 2052 cum
936 1988 1104 2052 extraneis
1125 2010 1252 2075 pauca3
1274 1990 1310 2054 in

185 2117 253 2181 quo
271 2116 404 2179 semper
421 2092 464 2155 sit
480 2092 594 2155 lunren
608 2099 686 2154 ante
705 2091 838 2178 Corpus
856 2090 992 2155 Domini
1008 2091 1031 2156 ¹.

232 2195 284 2261 18.
314 2196 395 2258 Post
411 2194 669 2280 completorium
691 2193 807 2257 nullus
829 2194 863 2256 in
887 2193 1086 2258 dormitorio
1109 2195 1271 2281 loquatur
1285 2197 1310 2277 2,

186 2299 252 2363 nisi
276 2299 439 2384 magister
460 2299 515 2361 vel
541 2296 720 2381 magistra,
751 2298 805 2361 vel
828 2297 882 2361 cui
906 2297 971 2384 ipsi
992 2298 1207 2384 preceperint
1233 2321 1312 2363 cum

188 2401 393 2489 hospitibus

234 2502 286 2569 tt.
314 2503 369 2567 Ad
386 2504 571 2567 matutinas
594 2525 711 2565 onmes
733 2503 892 2566 volumus
922 2502 1097 2582 interesse,
1122 2503 1188 2566 nisi
1208 2527 1312 2590 quem

187 2607 366 2671 infirmitas
392 2605 579 2684 excusabit,
611 2605 669 2691 qui
695 2612 809 2669 tamen
832 2605 895 2669 hoc
917 2606 950 2668 in
974 2606 1130 2692 sequenti
1150 2605 1315 2672 fatebitur

189 2710 339 2796 capitulo
355 2710 378 2774 3.

233 2813 287 2877 20.
316 2813 441 2878 Omnes
461 2809 523 2873 sub
541 2834 609 2874 uno
627 2817 778 2898 tempore
797 2809 950 2874 cubitum
970 2817 1059 2890 eant,
1081 2811 1229 2898 exeeptis
1246 2811 1315 2875 hiis

189 2916 248 3002 qui
270 2914 372 2977 variis
388 2912 602 3001 deputantur
623 2913 753 2978 officiis¹
780 2913 946 2977 Similiter
962 2914 1003 2977 de
1029 2913 1226 2978 dormitorio
1245 2937 1314 2978 non

190 3024 322 3096 exeant,
343 3016 408 3080 nisi
428 3015 491 3079 sub
509 3040 576 3079 uno
593 3016 835 3080 nichilominus
852 3023 1018 3103 tempore.

235 3119 288 3186 21.
317 3118 467 3204 Singulis
483 3119 680 3206 septimanis
696 3119 738 3183 ad
753 3120 867 3182 minus
882 3119 1069 3205 capitulum
1087 3125 1246 3182 teneatur
1261 3119 1315 3184 die

191 3231 224 3288 et
243 3224 325 3286 hora
343 3246 409 3309 qua
426 3223 589 3309 magister
601 3221 717 3285 domui
734 3222 857 3285 viderit
870 3222 1027 3308 expedire
1042 3220 1066 3286 4.

236 3326 290 3390 22.
318 3325 474 3389 Privatos
506 3325 703 3412 disciplinas
739 3325 865 3411 singuli
899 3325 1051 3409 singulas
1085 3322 1251 3410 accipiant
1281 3325 1316 3388 in

191 3428 404 3493 ebdomada5
436 3447 443 3493 :
478 3430 593 3492 nullus
627 3435 741 3493 autem
774 3427 922 3516 amplius
954 3432 1141 3515 presumat,
1171 3426 1239 3491 nisi
1273 3426 1316 3491 de

193 3533 368 3597 voluntate
386 3531 551 3616 magistri.

222 3773 245 3816 1.
264 3769 411 3830 Guignard,
425 3768 594 3816 Monuments
610 3767 641 3815 dc
656 3767 680 3814 la
693 3766 767 3830 reple
779 3765 971 3823 Cistcroicnnc,
985 3780 1011 3826 p.
1027 3767 1080 3823 275,
1092 3762 1223 3811 Instituta
1232 3779 1318 3827 gene-

193 3830 258 3879 ratis
272 3831 395 3894 capituli,
408 3835 457 3879 art.
475 3831 520 3878 XC
532 3845 537 3878 :
551 3850 562 3873 «
576 3830 738 3892 Lampadem
751 3833 805 3878 tam
817 3829 860 3876 dic
873 3843 953 3890 quam
969 3830 1048 3874 nocte
1061 3827 1201 3874 ardentem
1214 3826 1241 3873 in
1255 3841 1319 3876 oru-

192 3895 263 3942 torio
281 3895 326 3955 qui
340 3894 455 3941 voluerit
469 3896 496 3940 ct
508 3894 629 3964 potuerit
639 3893 746 3940 lrabeat.
762 3908 774 3937 »

223 3962 245 4004 2.
263 3956 367 4018 Regula
381 3972 401 4004 s.
415 3955 562 4004 Benedicti¹
576 3956 723 4017 Guignard,
738 3971 764 4017 p.
779 3959 808 4000 36
823 3969 828 4001 z
841 3974 852 3997 a
876 3953 912 4001 Ut
927 3955 989 4015 post
1007 3951 1216 4012 completorium
1235 3965 1317 3999 nemo

194 4020 220 4066 lo
242 4022 321 4066 natur
335 4039 356 4066 ».
1149 4039 1155 4049 ·

222 4034 245 4128 ll
265 4082 345 4128 Lart.
360 4086 388 4127 19
403 4097 434 4128 nc
448 4082 530 4142 figure
544 4096 592 4142 pas
606 4082 672 4127 dans
683 4081 707 4127 la
721 4079 793 4140 regle
807 4080 839 4126 de
858 4079 1033 4125 llontdidier.

225 4147 245 4191 l.
266 4146 300 4191 Le
320 4145 443 4204 elmpilre
465 4145 511 4190 des
528 4159 642 4190 convers
663 4144 695 4189 dc
715 4142 827 4189 Citeaux
849 4157 876 4187 sc
897 4141 981 4188 tenait
998 4140 1148 4201 e'galemcnl
1165 4139 1256 4187 tontes
1278 4139 1318 4187 lcs

194 4208 333 4253 semaines.
350 4208 388 4253 Ct'.
403 4207 549 4268 Guignard.
566 4222 591 4266 p.
606 4209 660 4252 283.

226 4273 247 4317 b.
270 4269 336 4316 {frus
349 4284 540 4316 conversorum
553 4270 585 4315 dc
600 4268 721 4317 Cilcanx.
738 4271 786 4315 art.
803 4269 834 4313 X.
849 4265 996 4326 Gnignard.
1011 4280 1037 4332 p.
1049 4267 1103 4314 283.
