2864 4964
516 435 710 480 nourumrun
735 436 773 478 nr
796 435 912 478 iurans
1231 415 1268 479 11

198 556 252 623 ll.
280 558 319 621 In
334 557 510 622 refectorio
525 557 647 621 cotidie
665 580 758 621 sacra
773 557 873 620 lectio
889 555 1022 642 legatur
1035 557 1078 620 ad
1092 558 1273 643 prandium

153 667 186 724 et
200 660 243 723 ad
259 672 375 724 cenam
391 660 413 740 ¹,
429 649 488 723 ubi
505 660 620 723 nullus
636 660 795 745 loquatur
809 659 875 721 nisi
893 659 950 744 qui
968 665 1093 745 preest,
1113 659 1171 745 qui
1191 659 1274 747 legit

153 771 186 828 et
202 763 261 849 qui
276 761 459 839 ministrat,
479 769 513 826 et
531 768 611 825 tunc
627 784 705 825 cum
725 762 872 826 silentio,
895 761 999 825 Extra
1019 761 1157 825 domum
1178 785 1274 826 suam

152 866 268 930 nullus
288 864 421 929 silentio
438 863 609 951 ligabitur.
632 865 669 928 ln
685 864 835 951 grangiis
854 863 956 929 simili
976 865 1078 928 modo
1099 865 1274 930 silentium

118 1040 121 1045 ,
153 968 363 1033 observetur.
400 1055 403 1060 .
469 976 472 981 '

197 1074 252 1141 42.
280 1075 318 1139 ln
333 1055 509 1138 refectorio
524 1075 605 1138 dum
620 1073 741 1138 fratres
756 1074 949 1157 comedunt,
965 1075 1110 1160 operarii
1126 1081 1159 1139 et
1176 1074 1273 1138 fami-

152 1178 195 1242 lie
213 1202 282 1242 non
298 1177 487 1242 comedant.

198 1279 253 1346 43.
281 1281 405 1345 Nullus
424 1280 529 1344 tincta
548 1280 670 1344 habeat
692 1279 905 1360 vestimenta,
924 1280 1073 1366 exceptis
1093 1281 1209 1368 cappis
1232 1280 1273 1344 de

152 1382 256 1447 choro
278 1390 311 1447 et
328 1382 507 1447 almuchiis
529 1382 570 1445 dc
593 1382 687 1468 sagio
712 1381 835 1468 quibus
859 1381 894 1445 in
919 1382 1059 1446 ccclesia
1082 1382 1273 1446 sacerdotes

151 1493 306 1550 utuntur.
330 1485 407 1550 Sole
427 1484 551 1548 femine
571 1484 751 1548 mantellos
772 1483 930 1548 habeant.
956 1484 1139 1549 Presbiteri
1159 1491 1274 1549 tamen

151 1588 238 1653 duos
254 1587 433 1652 mantellos
448 1587 594 1651 habeant
608 1610 694 1673 quos
710 1587 752 1650 ad
767 1610 850 1650 usus
865 1587 1073 1651 necessarios
1092 1588 1270 1675 accipiant.

152 1691 394 1777 Unusquisque
413 1689 498 1753 duas
520 1690 652 1755 tunicas
671 1689 812 1771 habeat3
835 1690 1026 1753 sacerdotes
1049 1690 1115 1755 duo
1139 1690 1274 1776 pellicia

152 1793 312 1874 habeant,
329 1816 436 1856 unum
448 1808 555 1879 ‘usque
571 1793 614 1856 ad
633 1816 755 1879 genua,
775 1793 847 1855 sinc
863 1793 1016 1873 manicis,
1036 1793 1181 1857 alterum
1199 1793 1274 1857 lon-

152 1896 229 1983 gius
255 1902 289 1959 et
316 1919 393 1960 cum
418 1895 571 1962 manicis.
599 1895 764 1959 Conversi
793 1918 899 1959 unum
927 1894 1073 1959 habeant
1101 1896 1275 1982 pellicium

153 1999 226 2063 sine
242 1998 384 2062 manicis
400 2020 506 2084 usquc
521 1998 564 2062 ad
574 2021 704 2085 genua,
723 2003 756 2062 et
772 1996 969 2083 scapulariis
984 2020 1092 2084 usque
1108 1998 1150 2061 ad
1165 2022 1274 2084 genua

152 2101 324 2189 protensis
347 2107 501 2180 utantur;
534 2101 725 2165 sacerdotes
753 2099 975 2187 longioribus,
1012 2100 1174 2165 Mulieres
1207 2101 1274 2166 duo

152 2205 255 2291 longa
266 2203 399 2290 pellicia
412 2202 559 2267 babeant
573 2226 651 2268 cum
666 2203 818 2268 manicis.
833 2203 936 2267 Linea
951 2204 1152 2267 vestimenta
1166 2204 1275 2268 omni·
1365 2246 1373 2261 .

152 2307 218 2371 bus
234 2305 421 2370 secundum
436 2305 693 2392 dispositionem
709 2305 862 2392 magistri
874 2312 908 2369 et
921 2306 1149 2392 procuratoris
1162 2306 1274 2370 distri·
1340 2386 1343 2390 .

153 2409 314 2474 buantur.

199 2511 412 2598 Quicumque
442 2534 530 2575 nova
560 2511 761 2576 vestimenta
793 2510 847 2574 vel
878 2511 1096 2574 calciamenta
1125 2511 1275 2597 accipere

153 2613 313 2694 voluerit,
332 2613 449 2677 reddat
469 2620 583 2677 vetera
598 2614 621 2678 ².

199 2715 254 2782 lt.
282 2716 390 2780 Nemo
412 2716 452 2779 de
475 2716 575 2779 domo
595 2722 708 2797 exeat,
730 2709 796 2778 nisi
816 2716 857 2780 de
884 2715 1019 2779 licentia
1042 2715 1196 2801 magistri
1221 2717 1275 2779 vel

153 2819 228 2907 ejus
251 2819 310 2906 qui
329 2818 364 2881 in
383 2819 457 2882 loco
483 2819 590 2905 ipsius
615 2818 694 2899 erit,
721 2841 783 2882 nec
807 2818 842 2881 in
865 2818 947 2882 villa
972 2817 1127 2881 comedat
1147 2817 1213 2880 nisi
1233 2816 1275 2882 de

154 2922 293 2987 licentia
309 2921 461 3008 ejusdem
476 2922 500 2987 3.

201 3023 254 3090 45.
283 3024 387 3088 Extra
407 3024 525 3087 villam
544 3024 659 3088 nullus
679 3024 823 3088 fratrum
842 3024 897 3087 vel
915 3047 1068 3087 sororum
1089 3029 1186 3087 exeat
1203 3022 1275 3087 sine

153 3150 260 3214 cappa
276 3134 310 3191 et
325 3127 397 3190 sine
417 3127 539 3190 comite
560 3151 578 3191 a
599 3127 760 3214 magistro
781 3126 846 3189 sibi
866 3126 1042 3213 designato
1057 3125 1081 3191 4.
1100 3125 1186 3190 Cum
1203 3148 1276 3189 sca-

153 3229 296 3317 pulariis
308 3252 406 3293 nemo
420 3236 518 3293 exeat
531 3231 620 3295 ultra
636 3229 823 3293 destinatos
840 3229 1002 3292 terminos
1018 3252 1036 3292 a
1051 3228 1224 3315 magistro.

198 3331 253 3397 16.
280 3331 445 3419 Magister
460 3355 539 3395 vero
560 3333 594 3395 in
615 3331 819 3418 supradictis
839 3330 1064 3395 observantiis
1084 3331 1127 3394 ad
1141 3337 1276 3417 tempus

151 3434 278 3521 poterit
297 3456 374 3498 cum
393 3433 554 3497 fratribus
574 3441 608 3498 et
627 3433 799 3497 sororibus
821 3434 1033 3521 dispensare,
1056 3456 1132 3498 cum
1153 3433 1277 3497 viderit

152 3538 202 3601 eis
222 3536 392 3623 expedire.

199 3638 253 3704 17.
281 3638 317 3703 Si
341 3638 444 3703 frater
462 3640 518 3703 vel
541 3663 636 3703 soror
657 3640 691 3702 in
716 3639 854 3703 fratrem
880 3639 935 3701 vel
960 3661 1110 3702 sororem
1138 3661 1277 3704 manum

183 3908 208 3951 1.
227 3901 310 3964 Regu
323 3902 357 3949 de
370 3903 441 3950 saint
454 3903 596 3964 Augustin.

182 3971 207 4013 2.
225 3963 332 4037 Regula
343 3964 368 4012 S.
384 3964 542 4013 Benedicti:
562 3985 573 4008 (ι
589 3965 763 4026 Accipientcs
784 3980 862 4023 nova,
882 3968 975 4012 vetera
993 3979 1099 4027 semper
1117 3964 1233 4011 reddant
1249 3963 1276 4010 in

150 4031 283 4092 presenti,
297 4027 453 4089 reponenda
468 4027 494 4074 in
507 4028 635 4075 vestiario
646 4031 758 4090 propter
770 4043 821 4088 pau
844 4042 903 4074 cres
918 4045 939 4074 u.

182 4095 207 4137 3.
226 4090 308 4137 L'art.
325 4091 353 4136 11
367 4089 479 4137 n'cxiste
493 4105 541 4151 pas
555 4091 621 4137 dans
634 4089 658 4136 la
669 4090 740 4151 rtgle
756 4091 789 4136 dc
803 4119 811 4136 r
833 4089 978 4137 ontdidicr.

183 4156 207 4200 4.
226 4152 310 4215 Regle
322 4152 355 4198 de
369 4151 439 4199 saint
452 4153 586 4213 Augustin
601 4167 605 4200 :
626 4171 637 4193 «
651 4153 707 4199 Nec
720 4152 763 4200 illa
777 4168 836 4214 quac
849 4152 931 4199 habet
949 4153 1038 4213 aliquo
1059 4152 1138 4198 eundi
1159 4149 1276 4197 necessi-

149 4219 234 4264 tatem
257 4228 322 4262 cum
346 4213 444 4275 quibus
464 4214 521 4276 ipsa
543 4215 657 4261 voluerit
678 4215 725 4262 sed
745 4230 806 4261 curn
826 4215 924 4276 quibus
945 4215 1090 4276 praeposita
1108 4213 1220 4275 jusserit
1237 4212 1275 4258 ire

150 4277 293 4326 debebit...
312 4296 322 4318 n
