2864 4964
478 444 695 490 satur-summ
721 444 761 488 ou
785 443 918 488 CAMBRAI
1215 421 1255 486 53

135 570 239 635 frater
257 570 363 635 laicus
381 575 516 634 centum
533 575 565 633 et
585 567 829 655 quinquaginta
846 566 854 610 ¹
877 567 977 632 Pater
993 572 1107 629 noster
1124 571 1157 630 et
1176 564 1256 628 toti-

136 674 215 738 dem
235 673 386 760 quelibet
402 695 507 736 soror.

180 775 235 840 70.
265 775 475 838 Generaliter
489 797 570 837 vero
589 797 649 860 pro
665 772 822 837 omnibus
837 771 998 837 fratribus
1016 778 1049 835 et
1064 769 1256 835 benefacto-

135 877 230 941 ribus
250 878 371 941 domus
391 884 423 941 et
439 877 570 941 cunctis
588 875 745 940 fidelibus
760 875 902 963 quilibet
916 874 1071 939 sacerdos
1086 875 1140 937 vel
1159 873 1256 938 cleri-

136 1004 197 1045 cus
218 980 395 1044 duodecim
415 980 574 1067 psalteria
594 980 637 1043 ad
655 979 767 1042 minus
790 978 945 1044 decantet
967 978 1152 1042 annuatim.
1176 977 1257 1040 Fra-

136 1090 206 1147 tres
226 1106 306 1146 vcro
323 1083 399 1147 laici
416 1090 450 1148 et
465 1105 596 1146 sorores
606 1106 666 1169 pro
682 1081 832 1168 quolibet
847 1081 1006 1167 psalterio
1022 1080 1148 1145 centies
1157 1081 1258 1145 Pater

136 1193 262 1265 noster,
276 1187 330 1249 vel
346 1186 404 1272 qui
422 1186 532 1249 sciunt
549 1170 673 1249 totiens
691 1184 851 1248 Miserere
867 1183 932 1247 mei
949 1184 1052 1248 Deus
1076 1179 1079 1185 ⁴

181 1288 236 1353 ll.
264 1288 335 1352 Hec
348 1295 461 1352 autem
476 1295 601 1352 statuta
617 1295 687 1352 tam
702 1311 718 1350 a
735 1285 908 1367 fratribuS,
923 1309 1024 1372 quam
1038 1309 1056 1349 a
1070 1284 1253 1365 sororibus

127 1390 355 1478 presbyteris,
377 1392 506 1456 clericis
527 1398 560 1456 et
579 1390 673 1455 laicis
689 1390 867 1476 diligenter
886 1395 1076 1469 teneantur,
1097 1389 1202 1475 etqui
1218 1411 1256 1452 ea

136 1501 251 1558 tenere
272 1502 349 1581 post
371 1495 556 1581 legitimam
572 1493 849 1558 ammonitionem
868 1492 1014 1557 noluerit
1036 1515 1053 1555 a
1074 1491 1174 1554 domo
1199 1490 1256 1577 eji-

136 1597 256 1677 ciatur,
273 1597 379 1660 donec
394 1597 568 1661 humiliter
585 1603 704 1683 petens
717 1596 850 1660 veniam
864 1595 977 1660 redeat
993 1618 1030 1658 ea
1047 1600 1253 1673 servaturus,

137 1706 172 1762 et
202 1699 244 1762 ad
261 1699 438 1764 arbitrium
454 1700 665 1786 provisorum
686 1704 719 1761 et
733 1699 885 1784 magistri
905 1696 1151 1761 satisfacturus,

184 1800 237 1866 72.
266 1802 336 1865 Hec
358 1803 469 1866 omnia
491 1808 617 1866 statuta
643 1809 721 1865 sunt
746 1825 764 1865 a
789 1801 915 1865 decano
937 1808 971 1864 et
995 1799 1142 1887 capitulo
1162 1798 1256 1862 Pari-

141 1903 257 1979 siensi,
276 1904 322 1968 ita
342 1911 379 1968 ut
400 1905 447 1968 eis
465 1905 564 1969 liceat
582 1904 703 1969 addere
722 1905 777 1968 vel
797 1904 1023 1984 substrahere,
1041 1904 1096 1968 vel
1112 1908 1254 1982 mutare,

138 2007 328 2070 secundum
347 2007 437 2094 quod
455 2007 601 2072 viderint
616 2007 783 2094 expedire.
804 2007 927 2072 Amen.

565 2315 824 2328 ...ι-ο*-

582 2655 584 2659 ’
676 2658 719 2717 Vl

257 2849 437 2908 STATt'TS
462 2848 516 2906 DE
538 2847 828 2907 L'HOTEL-DIEU
852 2845 1133 2905 sanas-tumltu

559 2942 613 3000 DE
641 2940 833 3000 CAMBRAI

596 3130 664 3195 nai
696 3130 794 3193 1220.
832 3095 835 3102 ’

132 3316 304 3369 Manuscrr't.
322 3315 464 3369 Archives
478 3313 684 3385 hospitalieres
702 3313 738 3367 de
753 3313 897 3367 Cambrai.
917 3313 1120 3397 Saint-Julien‚
1140 3325 1172 3366 n⁰
1192 3314 1254 3367 329.

175 3400 265 3454 Texte
277 3400 347 3454 latin
363 3405 393 3454 et
407 3401 548 3454 ancienne
569 3398 733 3452 traductiou
746 3398 899 3462 francaise.
910 3430 945 3437 —
960 3398 1088 3452 Edition.
1109 3399 1254 3468 Bruyelle‚

171 3485 351 3539 Monuments
367 3485 509 3555 religieucr
524 3486 559 3538 de
575 3483 722 3552 (lammari,
740 3484 818 3549 1854,
834 3484 915 3551 iii-8⁰,
931 3500 959 3553 p.
978 3485 1038 3536 191.

176 3637 223 3695 En
246 3638 322 3696 1227
342 3637 371 3696 la
393 3638 493 3696 nieme
515 3637 599 3714 regle
620 3636 668 3696 sut
688 3630 808 3696 donnde
829 3657 885 3716 par
902 3635 1055 3708 Geollroi,
1078 3636 1197 3715 equuc
1218 3635 1255 3693 de

134 3730 292 3803 Camhrai,
312 3739 328 3790 a
347 3731 561 3790 l’Hotel-llieu
578 3731 757 3790 Saint-lean
773 3729 810 3788 de
829 3736 909 3788 cette
930 3728 1003 3787 ville
1023 3728 1129 3806 (Arcb.
1151 3728 1256 3808 hospi-

135 3824 262 3884 talieres
278 3825 315 3884 de
330 3824 486 3897 Cambrai‚
501 3824 719 3898 Saint-luliem
736 3836 769 3882 n⁰
785 3825 854 3883 348.
870 3822 1012 3882 l'idimus
1030 3822 1071 3879 du
1087 3831 1148 3880 x1v⁸
1164 3821 1255 3880 siecle

133 3918 277 3978 donnant
294 3940 335 3978 un
356 3927 439 3979 texte
457 3919 533 3978 latin
554 3919 677 3999 analyse
696 3940 751 3999 par
772 3917 908 3977 Wilbert
928 3917 1003 3975 dans
1024 3916 1068 3975 les
1089 3913 1255 3974 Me'moires

134 4009 176 4073 de
193 4012 223 4072 la
240 4011 361 4074 Societe'
379 4011 583 4073 d'e‘mulation
598 4011 636 4072 de
650 4011 812 4084 Cambari,
828 4020 850 4072 t.
867 4012 984 4071 XXVII
999 4010 1110 4090 (1862),
1127 4031 1157 4091 p.
1171 4009 1254 4089 489.)

169 4282 400 4348 l.eruadrayinta
413 4284 480 4331 dans
493 4283 517 4331 la
536 4283 612 4348 copie
626 4283 661 4332 du
679 4292 734 4331 xrr
748 4282 837 4331 sitcle.
862 4324 864 4328 .
