2864 4964
471 431 748 479 caino-annuum·
778 431 818 476 on
842 430 1001 476 calantes
1231 408 1296 475 219

168 556 363 636 conr‘edant,
383 555 512 635 bibant,
543 555 609 618 nisi
628 554 669 617 de
687 554 821 617 licentia
837 553 974 639 prioris,
992 559 1037 631 et,
1053 552 1081 615 si
1104 551 1227 639 aliquis
1241 553 1295 616 vel

168 659 281 745 aliqua
307 657 568 738 contrafecerit,
588 656 722 720 duobus
734 655 854 719 diebus
874 655 983 719 eidem
998 655 1116 718 vinum
1131 678 1207 718 cum
1223 678 1296 719 ear-

165 760 268 824 nibus
287 759 535 825 substrahatur.

213 862 266 929 24.
294 863 329 928 Si
345 863 422 951 quis
437 861 491 927 vel
510 862 538 926 si
551 884 617 948 qua
631 861 702 924 sine
718 860 850 924 lieentia
871 859 990 924 exierit
1004 858 1059 923 vel
1073 867 1294 948 pernoctave-

166 965 222 1044 rit,
237 965 281 1029 ad
295 965 435 1029 domum
453 972 627 1029 revertens
646 964 840 1027 nullatenus
857 961 1066 1040 admittatur,
1079 962 1144 1026 nisi
1157 985 1218 1049 per
1230 985 1294 1025 nos

166 1066 268 1132 fuerit
276 1075 464 1133 revocatus.
478 1067 514 1133 Si
528 1066 603 1155 quis
618 1065 673 1128 vel
689 1065 717 1128 si
732 1087 798 1150 qua
807 1063 1001 1128 licentiatus
1015 1063 1132 1128 exierit
1150 1072 1184 1129 et
1203 1063 1291 1128 ultra

164 1169 349 1234 terminum
376 1169 439 1233 sibi
469 1169 636 1257 prefixum
676 1167 719 1231 ad
756 1167 995 1231 revertendum
1028 1167 1288 1254 pernoctaverit,

166 1271 284 1335 eadem
320 1294 406 1358 pena
440 1271 617 1358 puniatur,
650 1269 715 1333 nisi
747 1268 898 1355 legitimo
928 1267 1158 1354 inpedimento
1191 1268 1291 1333 luerit

164 1372 338 1459 inpeditus
353 1373 407 1438 vel
423 1395 483 1460 per
500 1396 562 1437 nos
577 1379 765 1437 revocatus.

565 1594 613 1658 De
632 1594 729 1658 modo
743 1594 884 1660 auvendi.

212 1763 265 1830 25.
295 1764 459 1828 Homines
470 1764 595 1850 leprosi
610 1764 755 1828 habeant
767 1763 808 1827 de
821 1763 901 1826 vino
916 1761 1059 1849 quilibet
1073 1785 1267 1827 mensuram
1279 1765 1288 1808 ¹

164 1893 325 1957 magnam
352 1878 385 1935 et
412 1870 558 1935 mediam
584 1870 734 1956 qualibet
755 1870 820 1935 die.
846 1869 1004 1934 Graviter
1024 1877 1138 1934 autem
1165 1870 1289 1957 leprosi

163 1972 311 2060 quilibet
337 1971 392 2037 die
407 1972 565 2061 ¹‘qualibet
584 1995 743 2057 magnam
764 1980 796 2037 et
816 1971 962 2035 mediam
982 1979 1015 2036 et
1034 1995 1174 2059 parvam
1193 1996 1288 2037 men-

158 2102 288 2145 suram.

204 2185 366 2250 Mulieres
375 2193 489 2250 autem
502 2187 651 2273 graviter
663 2186 794 2273 leprose
805 2186 953 2273 quelibet
966 2185 1018 2248 bis
1031 2185 1064 2249 in
1076 2185 1129 2250 die
1141 2184 1285 2249 mediam

156 2304 354 2351 mensuram
367 2294 401 2351 et
416 2288 481 2352 alie
497 2289 627 2375 leprose
642 2312 796 2374 magnam
818 2312 1012 2353 mensuram
1032 2289 1148 2353 semel.

203 2389 365 2453 Mulieres
385 2413 465 2455 sane
486 2392 635 2477 quelibet
655 2391 800 2455 mediam
821 2415 1015 2455 mensuram
1039 2390 1190 2477 qualibet
1211 2390 1282 2471 ‹li03

156 2497 204 2572 et,
224 2491 253 2554 si
274 2491 342 2555 sint
362 2492 473 2579 alique
493 2493 527 2556 in
544 2494 641 2557 senili
662 2500 763 2571 etate,
784 2493 888 2579 faciat¹
903 2494 994 2580 prior
1008 2493 1151 2579 gratiam
1171 2492 1284 2579 prouti

155 2592 282 2658 viderit
296 2593 464 2680 expedire.

204 2695 247 2759 Et
263 2694 487 2761 distribuetur
508 2697 597 2762 idem
621 2698 740 2761 vinum
764 2697 921 2787 omnibus
944 2697 1104 2784 predictis
1130 2698 1283 2784 personis

156 2797 231 2860 sine
252 2819 351 2884 aqua,
372 2799 455 2863 etin
480 2801 680 2865 necessitate
699 2801 823 2888 poterit
846 2801 956 2865 dietus
973 2800 1064 2887 prior
1087 2807 1283 2886 agmentare

152 2900 210 2963 vel
224 2899 425 2982 diminuere,
434 2902 462 2965 si
476 2903 659 2966 necessitas
669 2903 730 2967 hoe
741 2904 900 2990 deposcat
910 2905 961 2966 vel
976 2903 1098 2967 viderit
1109 2902 1278 2989 expedire.

200 2999 256 3066 26.
284 3001 431 3088 Leprose
457 3004 608 3089 graviter
633 3005 763 3068 infirme
788 3004 934 3068 habeant
961 3004 1112 3091 quelibet
1129 3005 1280 3092 qualibet

151 3103 342 3189 septimana
359 3091 443 3168 duos
456 3105 611 3169 denarios
632 3107 717 3171 sieut
734 3114 766 3171 et
786 3108 921 3195 leprosi.

199 3204 253 3270 27.
282 3205 379 3269 Prior
397 3214 510 3271 autem
531 3208 688 3273 omnibus
708 3210 861 3297 personis
880 3210 920 3273 de
942 3233 1028 3296 pane
1048 3209 1090 3273 ad
1109 3208 1279 3273 sufficien-

149 3306 236 3370 tiam
256 3307 468 3373 administret
496 3333 502 3378 :
526 3312 641 3374 nullus
656 3312 745 3375 enim
763 3313 870 3399 possit
887 3312 965 3376 darc
982 3335 1104 3399 panem
1124 3313 1178 3376 vel
1199 3334 1279 3375 ven-

149 3407 244 3489 dere,
263 3416 297 3473 et
314 3410 407 3495 prior
423 3419 578 3476 teneatur
593 3413 642 3476 eis
657 3414 690 3477 in
707 3415 903 3478 necessariis
916 3415 1104 3501 providere,
1121 3414 1279 3479 videlicet
1315 3406 1319 3411 ⁴

148 3510 254 3597 potis,
295 3512 461 3592 scutellis,
497 3514 700 3601 saporibus‘2
729 3526 762 3581 et
797 3516 1004 3602 hujusmodi,
1042 3525 1180 3604 propter
1212 3540 1277 3603 que

148 3611 314 3677 minima³
330 3636 455 3700 panem
475 3616 687 3701 cogebantur
706 3620 864 3699 vendere,
880 3627 918 3684 ut
934 3619 1101 3700 dicebant.

154 3776 1265 3802 Μ

182 3878 205 3923 1.
224 3875 382 3938 D'aprdslcs
396 3879 464 3927 Usus
476 3879 680 3943 dispensatoris,
693 3884 716 3930 la
730 3899 836 3932 mesore
849 3886 882 3933 dc
893 3887 939 3933 vin
952 3888 999 3934 des
1010 3888 1131 3936 hommes
1144 3889 1210 3938 dtait
1223 3906 1275 3939 unc

147 3940 255 3999 quarte,
276 3939 343 3988 celle
358 3940 407 3988 des
428 3942 541 3990 semmes
562 3958 614 3992 une
633 3965 643 3987 ιι
665 3947 842 4007 quinterenge
856 3965 878 4006 n,
892 3952 920 3996 et
934 3950 1000 3996 celle
1013 3951 1060 3998 des
1073 3951 1183 4012 ldprrux
1198 3972 1208 3994 a
1228 3955 1273 4014 qui

147 3999 332 4124 moppp)lepre
350 4002 420 4050 ultra
439 4006 549 4052 modum
568 4011 701 4055 vexantur
719 4030 739 4063 o,
753 4025 805 4056 une
820 4030 830 4051 τι
846 4013 1011 4073 tercerainge
1025 4033 1035 4054 o
1051 4014 1092 4072 (N.
1109 4029 1167 4074 aeq.
1183 4015 1198 4061 l.
1217 4021 1272 4075 608,

150 4077 179 4124 p.
241 4098 247 4110 .
262 4100 267 4110 .

182 4128 205 4172 2.
224 4123 433 4175 Probablement
446 4129 493 4175 des
505 4131 760 4181 assaisonnenrcnts.

181 4191 205 4234 3.
223 4185 259 4235 Le
270 4186 418 4236 Cartulaire
430 4205 512 4251 rouge
521 4197 599 4253 porte
609 4193 710 4241 ininina
720 4210 725 4243 z
736 4197 774 4242 les
789 4200 877 4243 textos
887 4199 1041 4258 repr-eduin·
1053 4214 1103 4260 par
1113 4200 1268 4262 bl.·blcrlet,

148 4259 185 4294 ne
198 4247 318 4297 donnent
330 4263 379 4311 pas
396 4265 427 4298 ce
439 4255 505 4300 mot.
