2864 4964
395 419 591 481 norun-orsu
616 435 656 482 nu
681 437 848 483 sami-ron
1115 418 1179 484 127

59 560 214 624 omnium
220 612 286 626 .....
310 559 581 647 jurisdictionem
603 560 824 646 temporalem
849 561 884 623 in
901 561 1061 647 hospitali
1082 563 1180 626 nobis

59 670 94 727 et
132 662 314 727 heredibus
346 662 484 745 nostris,
516 686 593 726 cum
618 662 694 749 jure
722 670 923 749 patronatus
954 688 1178 748 reservamus

58 765 266 852 presentatio
281 788 361 830 vero
378 765 670 852 presbiteroruma
685 766 782 829 nobis
795 767 850 831 vel
862 767 1042 832 heredibus
1055 769 1181 833 nostris

59 868 213 933 facienda
232 869 411 933 diocesano
429 869 586 955 episcopo
606 876 787 935 reservata.

104 972 160 1035 Ad
181 968 463 1036 sustentationem
475 978 589 1035 autem
607 995 807 1058 pauperum,
824 972 953 1040 victum
966 980 999 1037 ct
1016 974 1180 1039 vestitum

60 1073 205 1138 duorum
227 1098 467 1139 conversorum
488 1074 717 1162 predictorum
737 1082 771 1139 et
793 1098 957 1158 sororum,
978 1083 1011 1141 ct
1034 1077 1077 1141 ad
1094 1078 1180 1141 lam-

59 1177 164 1264 pades
184 1177 353 1264 predictas
375 1176 416 1241 de
434 1177 507 1241 oleo
530 1184 563 1241 ct
587 1177 714 1241 lumine
737 1177 943 1243 exfovendas
959 1185 992 1242 et
1014 1179 1056 1243 ad
1073 1179 1178 1243 lumi-

61 1303 141 1344 nare
159 1287 354 1366 competens
365 1279 490 1343 divinis
500 1278 535 1342 in
546 1278 675 1365 capella
692 1279 867 1373 faciendis,
883 1280 1039 1344 dedimus
1050 1280 1179 1344 eisdem

61 1390 95 1448 et
116 1383 331 1470 assignamus
348 1383 384 1446 in
396 1390 610 1469 perpetuum,
628 1390 722 1448 etc...
744 1382 834 1471 (Suu
851 1381 1107 1448 l'e'nume'ration
1124 1384 1181 1446 des

61 1486 239 1550 donatione
253 1487 354 1571 faites
363 1507 432 1569 par
450 1485 478 1549 le
492 1485 706 1575 fondateur.)

106 1587 179 1651 Nos
209 1611 289 1652 vcro
321 1586 509 1669 Mathildis,
543 1588 713 1652 comitissa
742 1587 979 1652 Atrebatensis
1006 1593 1039 1651 et
1067 1587 1182 1653 Sancti

62 1688 160 1754 Pauli
184 1690 346 1776 predicta,
370 1713 438 1755 una
459 1714 536 1755 cum
555 1691 706 1777 predicto
733 1691 867 1774 comite,
893 1678 1182 1755 venerandissimo

62 1793 199 1858 domino
231 1799 264 1857 et
297 1793 418 1857 marito
443 1801 572 1875 nostro,
602 1817 719 1858 omnes
747 1793 918 1880 regulares
949 1793 1182 1857 observantias

61 1904 96 1963 et
120 1903 248 1962 statuta
269 1897 432 1984 predicta,
460 1905 494 1962 et
512 1898 671 1963 universa
695 1897 783 1961 dona
804 1905 838 1962 et
860 1897 995 1984 singula
1017 1896 1182 1984 prelibata

60 2000 278 2065 ratiticientes
296 2007 329 2064 et
344 2000 581 2091 approbantes,
601 2000 768 2082 dedimus
788 2007 852 2064 etc.

107 2102 180 2181 Que
202 2103 262 2190 [ut]
281 2103 393 2167 omnia
407 2109 440 2167 et
453 2103 587 2192 singula
602 2103 795 2190 supradicta
812 2104 1011 2168 inconcussa
1024 2108 1058 2166 ct
1073 2102 1181 2166 invio-

58 2207 130 2272 lata
154 2205 163 2248 1
171 2257 236 2271 .....
266 2205 357 2269 etin
383 2205 537 2270 futurum
559 2213 789 2293 permaneant,
814 2207 876 2270 has
902 2207 1032 2271 litteras
1055 2206 1182 2270 nostris

58 2308 185 2396 sigillis
218 2314 252 2372 et
291 2309 564 2396 appocisionibus
593 2333 709 2374 eorum
740 2309 900 2374 duximus
934 2307 1140 2373 roborandas
1155 2309 1178 2374 2.

58 2413 189 2477 Actum
208 2418 240 2475 et
258 2411 375 2476 datum
393 2410 533 2476 Parisiis
550 2435 638 2477 anno
657 2411 897 2477 incarnationis
913 2410 1090 2475 Dominice
1106 2411 1182 2474 mil-

56 2516 182 2580 lesimo
200 2514 424 2579 ducentisimo
441 2515 652 2602 sexagesimo
668 2516 798 2604 quint0‚
818 2538 975 2581 mense...

109 2682 336 2775 (Collationne'
359 2689 378 2748 a
410 2683 580 2771 l'oripinal
607 2709 646 2750 en
667 2685 882 2771 parchemin.
911 2685 955 2749 Ce
982 2687 1107 2770 fait...
1137 2681 1183 2747 les

56 2788 277 2875 conseilierlrl
307 2790 352 2852 du
377 2789 451 2874 Roy
473 2791 630 2871 notabor,
659 2787 699 2851 12
727 2788 863 2852 octobre
889 2786 987 2852 1678.
1018 2784 1181 2876 (Signat)

56 2891 168 2977 Ogier
186 2897 220 2956 et
236 2890 389 2980 Bechet.)

95 3171 118 3216 1.
138 3167 228 3216 Laissd
241 3182 274 3217 en
287 3169 367 3217 blanc
380 3168 447 3216 dans
459 3168 483 3216 lc
496 3169 653 3218 manuscrit.
668 3169 690 3217 11
702 3170 760 3218 faut
774 3167 983 3232 prob'ablement
995 3168 1043 3215 lire
1053 3181 1058 3214 ε
1070 3181 1151 3214 nunc.

95 3237 119 3280 2.
137 3230 304 3280 Roboramus
318 3233 384 3280 dans
396 3232 420 3279 le
437 3231 595 3280 manuscrit.
