2828 4956
501 409 726 452 sanr-tazam:
750 409 789 450 ni:
814 408 902 450 roms
1199 385 1262 450 243

141 554 159 594 a
175 530 264 594 dicta
275 529 569 593 administracione
580 528 817 593 admovebitur
830 529 893 591 nisi
911 553 951 591 cx
964 529 1054 615 justa
1067 537 1100 592 et
1117 529 1263 592 raciona-

141 633 201 696 bili
215 655 328 706 causa,
347 639 380 695 et
396 632 470 717 ipso
491 641 610 695 vocato
628 656 665 695 ae
682 632 715 694 in
737 631 808 694 suis
823 631 984 713 legitimis
999 631 1264 694 ‹fctfcnsicmibus

142 733 323 798 summarie
344 732 430 798 etde
450 735 563 819 plano,
586 742 685 820 prout
700 741 752 797 est
768 733 800 795 in
822 731 946 795 talibus
966 733 1034 796 fieri
1051 742 1262 807 consuetum,

142 836 272 918 audit03
295 844 329 901 et
348 835 477 921 jurabit
499 836 532 899 in
559 859 617 898 sua
647 835 863 899 institucione
889 858 923 897 se
952 834 1036 898 bene
1061 845 1094 899 ct
1123 835 1266 899 fideliter

143 939 265 1003 habere
290 938 323 1001 in
343 938 637 1003 administracione
659 937 806 1025 predicta
824 945 857 1000 et
876 937 984 1023 ipsius
997 938 1265 1002 administracio-

143 1042 195 1105 nis
209 1040 348 1104 reddere
364 1041 462 1104 annis
482 1040 637 1124 singulis,
656 1064 768 1103 coram
792 1039 962 1125 deputatis
976 1047 1007 1102 ct
1026 1040 1228 1126 deputandis
1248 1064 1265 1103 a

144 1142 239 1206 nobis
255 1149 288 1206 et
308 1142 560 1206 successoribus
574 1143 699 1206 nostris
711 1165 748 1204 ac
765 1141 840 1204 aliis
858 1141 890 1204 in
911 1142 1076 1227 compotis
1097 1141 1267 1205 similibus

144 1245 306 1309 interesse
326 1245 508 1321 consuetiS,
540 1243 667 1307 bonum
684 1252 881 1331 conmotam
900 1252 933 1307 et
953 1242 1139 1325 legitimam
1162 1245 1267 1307 racio-

146 1370 232 1421 nem,
256 1345 386 1410 tociens
400 1347 560 1434 quociens
582 1345 678 1409 nobis
699 1354 731 1409 et
747 1345 847 1408 dictis
868 1345 1119 1408 successoribus
1143 1345 1267 1408 nostris

146 1446 256 1508 visum
271 1443 372 1507 fuerit
392 1444 561 1530 expedire,
584 1466 714 1507 necnon
731 1452 761 1506 et
775 1443 849 1527 jura
866 1444 954 1506 dicte
970 1443 1091 1505 doinus
1109 1443 1266 1530 prosequi

147 1555 178 1612 et
187 1569 320 1611 servare
332 1553 404 1610 toto
417 1569 529 1633 posse,
543 1570 581 1609 ae
593 1545 702 1621 nobis,
717 1544 876 1629 gentibus
885 1554 915 1608 et
931 1545 1183 1608 siu-cessoribus
1193 1568 1267 1607 nos-

147 1650 204 1714 tris
222 1670 359 1712 omnem
379 1647 624 1719 obedienciam,
644 1647 853 1717 fidelitatem,
877 1647 1103 1710 reverenciam
1120 1646 1264 1711 exibere.

188 1751 220 1816 2.
249 1751 333 1815 Item
354 1751 537 1814 statuimus
558 1758 591 1814 et
607 1750 802 1812 ordinamus
818 1750 909 1834 quid
923 1749 955 1812 in
975 1750 1063 1813 dicta
1084 1749 1184 1811 donm
1200 1749 1269 1810 sint

121 1888 125 1903 ·
147 1861 290 1940 quatuor
309 1852 430 1916 fratres
460 1860 493 1916 et
521 1852 638 1914 donati
667 1852 872 1931 sacerdotes,
898 1851 1009 1937 quiin
1031 1851 1120 1914 dicta
1141 1850 1267 1937 capella

147 1957 266 2019 missas
293 1953 464 2018 celebrent
486 1961 519 2017 et
550 1954 615 2017 alia
640 1954 754 2017 divina
780 1954 889 2018 officia
913 1960 1091 2039 peragant,
1112 1952 1270 2016 videlicet

147 2057 329 2122 matutinas
349 2064 383 2120 et
402 2079 520 2120 omnes
540 2057 623 2119 alias
643 2056 741 2119 horas
757 2057 936 2119 canonicas
951 2064 984 2120 et
998 2055 1038 2119 de
1050 2055 1201 2141 qualibet
1216 2055 1269 2118 die

149 2182 304 2246 magnam
325 2159 463 2221 missam
485 2182 561 2222 cum
592 2166 682 2229 nota,
709 2159 751 2222 ad
781 2159 844 2221 hoc
872 2158 1015 2244 pulsatis
1040 2158 1213 2244 campanis
1237 2166 1270 2220 et

147 2262 227 2325 hora
242 2260 368 2342 debita,
383 2284 449 2324 una
464 2284 540 2324 cum
557 2259 714 2323 omnibus
727 2261 802 2324 aliis
818 2261 931 2323 missis
944 2261 986 2323 ad
1001 2284 1085 2346 (pras
1101 2259 1270 2323 celebran-

148 2365 206 2427 das
226 2370 361 2428 tenetur
386 2363 508 2426 domus
535 2362 652 2425 eadem
685 2386 745 2448 pro
769 2362 1038 2427 benefactoribus
1059 2362 1176 2449 ipsius.
1204 2359 1271 2437 Qui

148 2466 338 2530 sacerdotes
353 2465 534 2551 portabunt
549 2467 649 2528 tidem
662 2464 814 2528 babitum
828 2466 963 2550 qualem
982 2465 1070 2551 prior
1085 2464 1268 2552 predictus,

149 2576 180 2632 et
195 2567 483 2632 administracioni
499 2567 620 2630 domus
634 2567 782 2652 predicte
798 2567 832 2630 in
844 2567 1087 2653 temporalibus
1105 2574 1138 2630 et
1152 2566 1271 2630 ceteris

150 2670 223 2734 aliis
242 2670 393 2756 negociis
408 2671 549 2756 agendis
567 2669 745 2732 intendant
764 2669 944 2753 diligenter
968 2677 1001 2732 et
1021 2669 1165 2732 fideliter
1185 2669 1272 2731 sicut

150 2773 265 2859 etipse
280 2771 371 2858 prior
385 2771 540 2858 injunget
551 2772 691 2843 eisdem,
704 2794 764 2834 nec
780 2771 844 2856 ipsi
859 2779 917 2834 aut
930 2770 986 2834 alii
1002 2771 1122 2835 fratres
1137 2779 1170 2834 et
1181 2793 1272 2833 soro-

150 2898 201 2938 res
219 2897 238 2937 a
256 2873 345 2936 dieta
365 2873 465 2936 domo
486 2897 521 2936 se
541 2873 766 2937 absentabunt
784 2874 865 2959 quin
881 2873 973 2936 omni
991 2873 1044 2937 die
1064 2896 1101 2937 ac
1122 2880 1219 2936 nocte
1238 2873 1269 2934 in

151 2977 238 3040 dicta
253 2975 353 3038 domo
372 2975 551 3039 comedant
571 2984 603 3038 et
620 2975 765 3061 jaceant,
786 2975 851 3038 nisi
877 2998 895 3038 a
922 2975 1012 3039 dicto
1035 2976 1144 3062 priore
1167 2974 1270 3060 petita

117 3080 120 3085 ’
151 3077 285 3142 licentia
305 3083 338 3140 et
352 3076 502 3142 obtenta.
525 3077 569 3140 Et
584 3076 612 3140 si
628 3077 833 3140 contrarium
850 3076 1001 3157 fecerint,
1020 3077 1123 3139 tercio
1144 3099 1272 3138 ammo·

151 3179 223 3259 niti,
250 3178 286 3241 in
311 3178 365 3241 die
387 3179 461 3264 ipsa
490 3202 556 3264 qua
585 3178 768 3242 defecerint
795 3178 979 3265 penitentie
1005 3178 1103 3265 panis
1128 3185 1161 3241 et
1188 3200 1273 3263 aque

152 3280 372 3361 subiciantur,
395 3280 550 3343 eamdem
567 3281 601 3343 in
625 3288 808 3366 conspectu
832 3280 983 3343 omnium
999 3281 1178 3367 peracturi,
1197 3287 1230 3342 et
1246 3279 1272 3341 si

152 3389 202 3447 ter
218 3383 252 3446 in
276 3382 402 3445 dictam
422 3405 544 3468 penam
565 3382 745 3446 inciderint
765 3383 798 3444 in
817 3383 931 3446 clauso
947 3405 1077 3445 carcere
1098 3382 1275 3445 includan-

152 3491 216 3566 tur,
233 3483 359 3548 ibidem
371 3484 491 3570 prieris
507 3483 645 3548 arbitrio
661 3485 883 3571 permansuri,
898 3493 931 3548 et
946 3485 973 3547 si
988 3484 1035 3547 sic
1047 3484 1274 3570 semelincar-

153 3586 256 3650 cerati
276 3585 446 3650 obstinato
466 3586 578 3649 animo
599 3585 709 3649 adbuc
732 3585 964 3650 inobedientes
987 3586 1116 3649 inventi
1136 3586 1272 3665 suerint,

153 3712 210 3752 eos
230 3711 271 3752 ex
284 3710 375 3751 nunc
390 3688 603 3752 decernimus
623 3711 640 3750 a
662 3688 761 3751 domo
778 3688 851 3775 ipsa
871 3688 940 3751 fore
951 3687 1086 3774 penitus
1103 3688 1275 3775 expellen-

155 3791 226 3855 dea.

198 3891 229 3957 3.
257 3891 344 3955 Item
364 3892 544 3956 statuimus
559 3900 591 3956 et
603 3892 799 3959 ordinamus
820 3892 911 3978 quod
930 3893 964 3955 in
982 3892 1071 3957 dicta
1091 3893 1190 3955 domo
1208 3893 1277 3955 sint

154 4007 220 4070 duo
246 4006 366 4092 fratres
393 4007 518 4088 clerici,
556 4008 725 4095 prefatum
753 4016 909 4092 gerentes
935 4007 1099 4089 habitum,
1131 4030 1275 4093 quorum

154 4132 244 4172 unus
257 4109 405 4195 portabit
419 4109 531 4173 claves
545 4109 745 4173 buticularia
766 4117 799 4173 et
815 4110 986 4197 panetaria
1000 4116 1033 4173 et
1046 4108 1193 4172 officium
1209 4110 1277 4172 cla-

155 4210 239 4274 verii
254 4210 369 4292 faciet;
392 4211 479 4274 atius
500 4235 579 4274 vero
595 4211 657 4274 erit
668 4218 865 4298 procurator
880 4212 1012 4291 domuS,
1030 4210 1192 4297 quamdiu
1207 4211 1277 4274 fau-
