2828 4956
456 410 687 456 salar-namna
710 409 750 453 na
779 408 995 454 uosrrarrran
1223 387 1286 453 183

207 531 237 599 5.
265 532 315 597 De
336 533 428 597 horis
442 532 582 599 ecclesie
597 532 644 596 ita
664 530 846 596 observare
861 529 992 596 debetis
1009 553 1016 600 :
1037 529 1150 610 Quum
1166 530 1286 596 iratres

171 632 214 697 vel
228 657 362 698 sorores
386 635 524 722 signum
539 656 705 722 campane
718 655 838 698 sonare
858 633 1036 711 audierint,
1057 635 1124 699 cito
1144 641 1286 721 surgant

172 743 197 798 et
208 735 248 799 ad
262 736 444 802 ecclesiam
452 744 596 824 pergant
606 758 687 801 cum
698 734 836 800 silencio
844 736 956 799 eundo
971 743 1005 801 et
1021 734 1190 801 redeundo
1202 743 1236 801 et
1250 736 1285 801 in

171 837 301 904 ecclesia
316 839 463 913 Domino
472 862 533 926 pro
545 838 715 904 universis
730 836 900 904 beneticiis
913 838 984 902 suis
1003 839 1129 923 gratias
1144 837 1285 904 reddant

170 948 194 1003 et
219 963 279 1027 pro
311 963 429 1005 eorum
449 938 732 1020 benefactoribus,
759 947 798 1004 ut
822 963 938 1004 eorum
958 939 1125 1005 Dominus
1148 948 1283 1026 peccata

168 1044 279 1125 solvat,
297 1042 432 1108 assidue
446 1065 563 1131 preces
575 1042 734 1122 tundant,
750 1043 841 1130 quia,
854 1043 943 1106 sicut
954 1043 1018 1130 ipsi
1034 1065 1150 1107 eorum
1161 1043 1284 1107 elemo-

168 1139 240 1205 sinis
260 1148 506 1224 sustentantur,
533 1141 580 1206 ita
608 1138 817 1206 orationibus
837 1140 907 1205 suis
931 1139 1183 1205 benefactorum
1206 1164 1284 1205 suo·

167 1263 231 1306 rum
245 1251 384 1330 peccata
401 1266 420 1308 a
438 1242 587 1308 Domino
606 1241 812 1308 relaxentur.
832 1242 875 1307 Et
892 1243 998 1306 sinitis
1018 1242 1199 1308 missarum
1214 1242 1282 1307 sol-

166 1340 330 1432 lempniis,
348 1344 502 1410 ordinate
522 1345 756 1433 unusquisque
771 1344 813 1409 ad
835 1368 931 1409 suam
956 1344 1112 1409 cellulam
1133 1344 1280 1411 reddeat.

201 1446 234 1513 b.
261 1444 300 1512 Si
318 1469 398 1510 vero
415 1446 527 1534 aliqua
547 1446 602 1511 vel
618 1446 741 1534 aliquis
758 1446 979 1511 inlirmaverit
993 1454 1027 1511 et
1043 1446 1085 1510 ad
1104 1446 1281 1511 ecclesiam

161 1549 275 1613 venire
288 1571 357 1613 non
369 1549 529 1637 potuerit,
542 1548 767 1636 penitenciam
787 1572 888 1635 quam
904 1547 1060 1613 sacerdos
1077 1548 1107 1612 ei
1125 1547 1281 1635 injunxe-

159 1651 201 1716 rit
220 1650 335 1715 faciat.

199 1753 234 1818 7.
265 1753 309 1817 Et
334 1775 393 1840 pro
416 1760 551 1817 mortuo
565 1752 691 1841 aliqua,
710 1751 807 1839 cujus
826 1751 1048 1817 elemosinam
1069 1760 1277 1840 receperunt,

152 1873 212 1919 xm
226 1855 332 1918 Pater
349 1864 462 1919 noster
480 1855 595 1920 dicant
619 1861 653 1919 et
673 1854 829 1919 similiter
852 1855 996 1942 singulis
1015 1853 1135 1919 diebus
1153 1855 1282 1942 sepcies

146 1956 261 2022 Pater
280 1966 403 2024 noster.
419 1957 464 2023 Et
478 1959 507 2022 si
533 1956 656 2044 aliquis
676 1980 792 2023 eorum
814 1958 981 2023 litteratus
999 1957 1114 2039 luerit,
1136 1957 1280 2044 singulis

146 2059 280 2125 diebus
295 2080 340 2125 vu
356 2059 507 2147 psalmos
520 2059 762 2147 penitenciales
775 2061 855 2125 etin
868 2058 999 2125 obitum
1010 2059 1152 2148 alicujus
1167 2060 1280 2126 fratris

140 2162 354 2249 psalterium
370 2163 496 2249 legant.

198 2263 232 2329 8.
261 2264 297 2330 Si
315 2272 429 2329 autem
444 2264 566 2351 aliquis
581 2264 634 2329 vel
657 2263 769 2352 aliqua
788 2288 824 2330 se
848 2265 1019 2330 infirmum
1032 2265 1087 2330 vel
1110 2266 1280 2331 infirmam

141 2367 292 2432 finxerit
315 2374 349 2431 et
372 2367 415 2432 ad
436 2366 613 2431 ecclesiam
636 2367 750 2432 venire
771 2366 929 2447 noluerit,
951 2375 985 2431 et
1008 2367 1072 2432 hoc
1098 2367 1140 2432 ab
1165 2368 1278 2454 aliquo

143 2469 258 2534 fratre
279 2469 335 2534 vel
355 2469 467 2558 aliqua
488 2492 602 2533 sorore
624 2470 797 2557 cognitum
816 2469 927 2550 luerit,
947 2476 980 2533 et
999 2468 1042 2534 ab
1055 2470 1104 2534 eis
1120 2470 1279 2558 privatim

148 2579 327 2637 correctus
354 2572 410 2636 vel
433 2579 584 2637 correcta
606 2572 718 2653 fuerit,
741 2573 858 2652 tercio,
888 2573 916 2635 si
938 2581 1016 2660 post
1039 2573 1279 2638 correctionem

149 2673 293 2738 illorum
309 2675 474 2760 castigare
495 2674 653 2758 noluerit,
672 2673 1020 2741 amministratoribus
1032 2674 1277 2745 demonstrent,

153 2784 188 2841 et
202 2798 262 2840 eos
274 2776 309 2839 in
324 2799 411 2864 pane
428 2783 463 2842 et
474 2799 559 2864 aqua
573 2797 619 2842 vu
631 2775 751 2841 diebus
766 2777 800 2840 in
813 2776 922 2841 medio
937 2776 1112 2841 refectorio
1124 2776 1277 2863 jejunare

155 2876 291 2943 faciant.

200 2978 231 3044 9.
259 2980 342 3045 Post
356 2980 571 3046 refectionem
582 3004 662 3044 vero
672 3003 790 3044 omnes
802 2980 844 3044 ad
855 2981 1031 3045 ecclesiam
1046 2980 1190 3045 Domino
1202 3005 1278 3068 gra·

154 3080 219 3145 tias
231 3081 363 3167 agendo
377 3082 514 3146 veniant
527 3090 560 3146 et
578 3089 696 3168 postea
711 3105 788 3145 oum
804 3082 938 3146 silentio
954 3081 1150 3163 dormitum,
1170 3083 1278 3147 estivo

155 3190 318 3270 tempore,
343 3191 432 3248 eant.
459 3184 648 3271 Postquam
667 3207 747 3248 vero
767 3185 808 3248 de
835 3185 1035 3248 dormitione
1056 3185 1274 3270 surrexerint,

155 3285 301 3348 Domino
320 3286 448 3372 gratias
466 3287 608 3351 reddant
628 3292 661 3350 et
677 3286 749 3351 sine
774 3286 939 3351 derisione
957 3286 1010 3350 vel
1031 3294 1168 3374 peccato
1187 3287 1276 3352 diem

155 3394 329 3474 peragant.

198 3490 252 3555 10.
281 3490 317 3554 Si
331 3490 392 3554 heo
408 3491 567 3555 mandata
582 3491 744 3578 predicta,
764 3491 883 3555 fratres
899 3491 1080 3571 karissimi,
1097 3515 1174 3555 cum
1190 3490 1278 3554 bona

155 3591 331 3656 voluntate
349 3591 624 3674 observaveritis,
647 3593 880 3657 remissionem
896 3594 1047 3657 omnium
1063 3603 1276 3680 peccatorum

155 3701 389 3759 vestrorumet
404 3695 511 3759 vitam
529 3704 682 3760 eternam
697 3695 737 3759 de
752 3696 896 3759 Domino
910 3697 926 3761 J
931 3696 1015 3760 hesu
1031 3696 1165 3761 Christo
1177 3695 1279 3760 babe-

155 3793 234 3859 bitis
252 3801 286 3859 et
298 3795 437 3883 insuper
449 3797 719 3861 habundanciam
737 3798 887 3861 omnium
901 3797 1065 3862 bonorum
1082 3806 1115 3863 et
1129 3798 1277 3885 graciam

157 3904 189 3960 et
206 3897 391 3963 amicitiam
413 3898 455 3962 ab
476 3898 634 3965 omnibus
652 3900 710 3987 qui
725 3899 788 3964 hoc
808 3900 986 3967 audierint.
