2864 4964
449 408 724 454 suano-omnum
749 407 791 451 nn
814 406 974 451 curamus
1206 384 1271 450 223

197 530 251 597 42.
279 531 375 594 Prior
385 537 502 594 caveat
516 528 697 615 diligenter
708 529 799 616 quod
809 536 905 616 porte
915 529 1092 594 firmentur
1106 551 1179 592 sero
1191 529 1271 592 hora

150 633 358 720 competenti
384 639 418 697 et
441 632 552 696 claves
574 640 748 719 portarum
777 631 916 717 recipiat
943 631 1036 695 omni
1053 654 1127 695 sero
1160 639 1194 696 et
1217 653 1274 695 eas

151 736 321 801 custodiat
334 735 376 799 de
396 742 494 800 nocte
509 733 701 821 diligenter.

195 837 251 904 43.
279 836 406 902 Omnes
424 859 529 924 penas
543 843 735 924 pretaxatas
753 836 864 900 dictus
882 836 973 923 prior
994 842 1148 900 teneatur
1166 835 1275 900 facere

149 940 314 1006 custodiri
332 940 533 1004 auctoritate
550 948 685 1018 nostra3
703 938 811 1024 possit
825 945 939 1002 tamen
959 960 1128 1018 excausa,
1152 961 1226 1002 raro
1242 945 1276 1002 et

150 1066 219 1107 non
235 1043 277 1107 de
291 1041 393 1125 facili,
411 1041 605 1129 dispensare
621 1064 699 1105 cum
714 1040 837 1127 quibus
852 1040 975 1105 viderit
989 1040 1272 1127 dispenxandum,

149 1145 301 1232 exceptis
321 1144 390 1208 illis
407 1143 448 1208 de
468 1143 590 1231 quibus
617 1166 684 1207 non
704 1150 817 1230 potest
836 1143 1041 1230 dispensare,
1059 1150 1160 1230 prout
1176 1166 1276 1230 supe-

150 1250 222 1313 rius
241 1254 293 1311 est
310 1268 519 1334 expressum.

197 1348 251 1413 ll.
278 1348 401 1415 Omnia
431 1349 522 1413 enim
550 1372 616 1435 que
640 1354 755 1435 potest
778 1347 886 1412 lacere
918 1347 1029 1412 dictus
1057 1348 1149 1435 prior
1169 1347 1275 1434 possit

150 1452 260 1517 lacere
286 1459 319 1516 et
348 1449 420 1537 ejus
447 1451 592 1514 vicarius
628 1449 670 1514 ab
700 1474 739 1513 eo
766 1449 982 1528 constitutus
1013 1449 1148 1537 quando
1187 1449 1277 1537 prior

151 1556 293 1620 domum
308 1553 427 1618 exierit
437 1550 497 1617 'vel
512 1553 624 1639 ipsum
638 1552 843 1638 contingerit
858 1551 1032 1632 infirmari,
1046 1552 1111 1615 hiis
1127 1552 1277 1638 exceptis

152 1657 245 1746 quod
263 1656 348 1721 nihil
375 1655 416 1720 de
440 1655 538 1720 bonis
562 1655 683 1719 domus
708 1656 833 1742 poterit
856 1654 1013 1735 alienare,
1035 1678 1097 1720 nec
1121 1655 1162 1719 de
1186 1661 1277 1719 statu

152 1760 275 1824 domus
290 1759 345 1823 vel
360 1781 581 1845 personarum
600 1757 728 1844 aliquid
743 1758 920 1822 inmutare.

198 1859 533 1936 reordinationem
564 1859 663 1925 istam
686 1860 796 1924 dictus
826 1859 917 1945 prior
939 1860 1136 1925 auctoritate
1163 1866 1277 1924 nostra

153 1963 254 2028 faciat
268 1963 452 2044 observari,
470 1970 515 2043 et,
535 1985 576 2025 nc
597 1962 786 2048 ignorantia
799 1962 842 2026 sit
858 1961 1017 2027 fratribus
1034 1963 1088 2027 vel
1106 1962 1278 2027 sororibus

152 2067 286 2131 occasio
299 2064 530 2152 delinquendi,
548 2063 658 2129 dictus
678 2064 769 2151 prior
783 2064 962 2152 diligenter
976 2072 1123 2152 exponat
1140 2065 1173 2128 in
1190 2065 1278 2151 eapi-

151 2169 224 2234 tulo
240 2167 489 2232 ordinationem
504 2167 604 2231 istam
624 2167 658 2230 in
678 2166 811 2253 vulgari
827 2167 931 2231 semel
951 2167 985 2230 in
1000 2189 1116 2232 mense
1131 2167 1186 2232 vel
1200 2167 1277 2254 plu-

153 2272 231 2352 ries,
254 2271 283 2334 si
303 2270 426 2334 viderit
442 2269 612 2356 expedire.
630 2269 685 2350 Et,
699 2291 740 2332 ne
761 2268 855 2332 labor
874 2277 990 2334 noster
1004 2270 1047 2335 sit
1067 2271 1189 2349 inanis,
1210 2269 1279 2334 dic-

154 2382 208 2439 tus
229 2373 322 2460 prior
338 2372 584 2436 ordinationem
602 2372 703 2436 istam
726 2372 910 2457 sigillatam
927 2395 1030 2459 penes
1048 2395 1084 2437 se
1100 2372 1279 2460 diligenter

154 2476 289 2541 studeat
308 2474 499 2539 observare.
517 2474 683 2538 Volumus
703 2474 793 2538 enim
808 2473 899 2560 quod
918 2474 1077 2539 omnibus
1091 2475 1280 2562 ignotescat

154 2578 245 2665 quod
263 2600 327 2641 nos
351 2577 479 2641 ratione
503 2577 711 2662 presentium
737 2584 943 2642 statutorum
967 2600 1084 2641 omnes
1109 2576 1187 2642 illos
1210 2585 1280 2642 tam

154 2681 244 2744 viros
263 2702 368 2767 quam
386 2679 546 2743 mulieres
565 2678 607 2742 ad
631 2703 716 2765 quos
741 2686 858 2743 nostra
881 2679 1047 2744 ordinatio
1072 2680 1282 2766 dignoscitur

154 2782 322 2868 pertinere
334 2803 402 2844 non
417 2780 459 2844 ad
476 2780 610 2866 culpam
626 2788 677 2843 set
692 2780 733 2844 ad
746 2804 868 2867 penam
883 2781 1119 2845 tantummodo
1134 2781 1281 2845 intendi-

156 2908 230 2949 mus
250 2883 411 2970 obligare,
444 2883 510 2946 nisi
538 2881 623 2947 forte
648 2906 689 2946 ex
713 2891 802 2947 certa
832 2883 972 2948 scientia
1000 2883 1056 2948 vel
1084 2890 1281 2971 contemptu

155 2985 382 3074 delinquerint
398 2985 432 3048 in
451 2984 590 3072 prelatis
601 2985 624 3050 ยน.

199 3089 238 3153 ln
253 3088 351 3175 cujus
366 3088 413 3151 rei
432 3087 677 3167 testimonium,
695 3111 757 3151 nos
773 3087 925 3174 sigillum
945 3097 1099 3153 nostrum
1116 3111 1182 3153 una
1202 3111 1279 3153 cum

156 3192 267 3278 sigillo
282 3197 483 3255 comventus
507 3189 588 3253 dicti
607 3190 672 3254 loci
692 3189 907 3276 presentibus
930 3190 1089 3255 duximus
1106 3214 1279 3279 apponen-

156 3293 248 3358 dum.

201 3397 327 3460 Datum
348 3417 436 3459 anno
463 3395 600 3458 Domini
619 3394 798 3458 millesimo
823 3395 1054 3459 ducentesimo
1070 3395 1281 3484 sexagesimo

155 3497 267 3578 tertio,
287 3519 404 3562 mense
415 3495 575 3584 januarii.
607 3572 614 3580 ฮน

188 3777 211 3821 1.
230 3771 289 3820 Une
299 3772 390 3821 clause
401 3772 531 3832 analogue
549 3786 578 3818 se
590 3775 689 3819 trouve
699 3772 767 3820 dans
780 3772 818 3820 les
831 3772 1025 3820 constitutions
1043 3772 1090 3820 des
1105 3772 1199 3822 Frtrcs
1218 3773 1281 3835 prt-

157 3835 254 3884 cheurs
266 3838 295 3884 ct
306 3849 322 3882 a
338 3833 382 3882 etc
393 3835 552 3897 reproduite
564 3848 614 3896 par
626 3834 763 3897 plusieurs
781 3836 882 3882 statute
896 3834 1081 3898 hospitalicrs.
