<?xml version="1.0" encoding="UTF-8"?>
<!DOCTYPE html PUBLIC "-//W3C//DTD XHTML 1.0 Transitional//EN"
    "http://www.w3.org/TR/xhtml1/DTD/xhtml1-transitional.dtd">
<html xmlns="http://www.w3.org/1999/xhtml" xml:lang="en" lang="en">
 <head>
  <title>
</title>
<meta http-equiv="Content-Type" content="text/html;charset=utf-8" />
  <meta name='ocr-system' content='tesseract 3.04.00' />
  <meta name='ocr-capabilities' content='ocr_page ocr_carea ocr_par ocr_line ocrx_word'/>
</head>
<body>
  <div class='ocr_page' id='page_1' title='image "./statutsdhotelsd00grangoog_0081.png"; bbox 0 0 2864 4964; ppageno 0'>
   <div class='ocr_carea' id='block_1_1' title="bbox 510 407 1266 472">
    <p class='ocr_par' dir='ltr' id='par_1_1' title="bbox 510 407 1266 472">
     <span class='ocr_line' id='line_1_1' title="bbox 510 407 1266 472; baseline 0.004 -3"><span class='ocrx_word' id='word_1_1' title='bbox 510 426 705 470; x_wconf 80' lang='lat' dir='ltr'>uournroinn</span> <span class='ocrx_word' id='word_1_2' title='bbox 730 428 767 470; x_wconf 83' lang='lat' dir='ltr'>nr</span> <span class='ocrx_word' id='word_1_3' title='bbox 791 427 907 471; x_wconf 77' lang='lat' dir='ltr'>xmms</span> <span class='ocrx_word' id='word_1_4' title='bbox 1225 407 1266 472; x_wconf 77' lang='lat'>35</span> 
     </span>
    </p>
   </div>
   <div class='ocr_carea' id='block_1_2' title="bbox 124 547 1278 2378">
    <p class='ocr_par' dir='ltr' id='par_1_2' title="bbox 149 547 1271 1048">
     <span class='ocr_line' id='line_1_2' title="bbox 150 547 1269 634; baseline 0.002 -22"><span class='ocrx_word' id='word_1_5' title='bbox 150 547 325 612; x_wconf 78' lang='lat' dir='ltr'>Christum</span> <span class='ocrx_word' id='word_1_6' title='bbox 342 547 498 634; x_wconf 81' lang='lat' dir='ltr'>operibus</span> <span class='ocrx_word' id='word_1_7' title='bbox 519 549 645 612; x_wconf 85' lang='lat' dir='ltr'>sanetis</span> <span class='ocrx_word' id='word_1_8' title='bbox 660 556 693 611; x_wconf 89' lang='lat' dir='ltr'>et</span> <span class='ocrx_word' id='word_1_9' title='bbox 709 548 898 612; x_wconf 78' lang='lat' dir='ltr'>obedientie</span> <span class='ocrx_word' id='word_1_10' title='bbox 914 548 1057 613; x_wconf 87' lang='lat' dir='ltr'>nexibus</span> <span class='ocrx_word' id='word_1_11' title='bbox 1076 549 1217 628; x_wconf 75' lang='lat' dir='ltr'>astricti,</span> <span class='ocrx_word' id='word_1_12' title='bbox 1236 558 1269 614; x_wconf 90' lang='lat' dir='ltr'>ct</span> 
     </span>
     <span class='ocr_line' id='line_1_3' title="bbox 149 651 1269 740; baseline 0.002 -26"><span class='ocrx_word' id='word_1_13' title='bbox 149 651 367 714; x_wconf 84' lang='lat' dir='ltr'>christianam</span> <span class='ocrx_word' id='word_1_14' title='bbox 387 651 488 714; x_wconf 86' lang='lat' dir='ltr'>lidcm</span> <span class='ocrx_word' id='word_1_15' title='bbox 510 651 651 714; x_wconf 91' lang='lat' dir='ltr'>interius</span> <span class='ocrx_word' id='word_1_16' title='bbox 673 651 861 715; x_wconf 86' lang='lat' dir='ltr'>imitentur.</span> <span class='ocrx_word' id='word_1_17' title='bbox 884 652 1015 715; x_wconf 86' lang='lat' dir='ltr'>Vestris</span> <span class='ocrx_word' id='word_1_18' title='bbox 1040 653 1144 739; x_wconf 84' lang='lat' dir='ltr'>igitur</span> <span class='ocrx_word' id='word_1_19' title='bbox 1166 654 1269 740; x_wconf 89' lang='lat' dir='ltr'>justis</span> 
     </span>
     <span class='ocr_line' id='line_1_4' title="bbox 149 753 1270 841; baseline 0.004 -25"><span class='ocrx_word' id='word_1_20' title='bbox 149 753 437 841; x_wconf 91' lang='lat' dir='ltr'>postulationibus</span> <span class='ocrx_word' id='word_1_21' title='bbox 465 762 562 839; x_wconf 84' lang='lat' dir='ltr'>grato</span> <span class='ocrx_word' id='word_1_22' title='bbox 592 762 830 817; x_wconf 90' lang='lat' dir='ltr'>concurrentes</span> <span class='ocrx_word' id='word_1_23' title='bbox 864 778 1015 834; x_wconf 89' lang='lat' dir='ltr'>assensu,</span> <span class='ocrx_word' id='word_1_24' title='bbox 1052 756 1204 840; x_wconf 82' lang='lat' dir='ltr'>regulam</span> <span class='ocrx_word' id='word_1_25' title='bbox 1237 765 1270 820; x_wconf 87' lang='lat' dir='ltr'>et</span> 
     </span>
     <span class='ocr_line' id='line_1_5' title="bbox 151 855 1270 945; baseline 0.001 -25"><span class='ocrx_word' id='word_1_26' title='bbox 151 857 303 920; x_wconf 91' lang='lat' dir='ltr'>ordinem</span> <span class='ocrx_word' id='word_1_27' title='bbox 318 878 420 942; x_wconf 92' lang='lat' dir='ltr'>quem</span> <span class='ocrx_word' id='word_1_28' title='bbox 436 857 610 919; x_wconf 85' lang='lat' dir='ltr'>voluntate</span> <span class='ocrx_word' id='word_1_29' title='bbox 626 864 660 921; x_wconf 89' lang='lat' dir='ltr'>ct</span> <span class='ocrx_word' id='word_1_30' title='bbox 675 855 792 920; x_wconf 84' lang='lat' dir='ltr'>habitu</span> <span class='ocrx_word' id='word_1_31' title='bbox 812 857 1057 943; x_wconf 61' lang='lat' dir='ltr'>assumpsistis</span> <span class='ocrx_word' id='word_1_32' title='bbox 1075 865 1125 938; x_wconf 89' lang='lat' dir='ltr'>tu,</span> <span class='ocrx_word' id='word_1_33' title='bbox 1144 860 1270 945; x_wconf 77' lang='lat' dir='ltr'>magis-</span> 
     </span>
     <span class='ocr_line' id='line_1_6' title="bbox 150 956 1271 1048; baseline 0 -24"><span class='ocrx_word' id='word_1_34' title='bbox 150 967 203 1024; x_wconf 90' lang='lat' dir='ltr'>ter</span> <span class='ocrx_word' id='word_1_35' title='bbox 221 958 399 1044; x_wconf 90' lang='lat' dir='ltr'>hospitalis</span> <span class='ocrx_word' id='word_1_36' title='bbox 418 956 671 1037; x_wconf 85' lang='lat' dir='ltr'>Ambiancnsis,</span> <span class='ocrx_word' id='word_1_37' title='bbox 690 966 723 1022; x_wconf 90' lang='lat' dir='ltr'>et</span> <span class='ocrx_word' id='word_1_38' title='bbox 738 983 811 1040; x_wconf 63' lang='grc' dir='ltr'>νος,</span> <span class='ocrx_word' id='word_1_39' title='bbox 830 959 951 1024; x_wconf 89' lang='lat' dir='ltr'>fratres</span> <span class='ocrx_word' id='word_1_40' title='bbox 971 967 1004 1024; x_wconf 89' lang='lat' dir='ltr'>et</span> <span class='ocrx_word' id='word_1_41' title='bbox 1024 984 1156 1024; x_wconf 88' lang='lat' dir='ltr'>sorores</span> <span class='ocrx_word' id='word_1_42' title='bbox 1181 961 1271 1048; x_wconf 87' lang='lat' dir='ltr'>ejus-</span> 
     </span>
    </p>

    <p class='ocr_par' dir='ltr' id='par_1_3' title="bbox 124 1060 1274 1660">
     <span class='ocr_line' id='line_1_7' title="bbox 124 1060 1272 1149; baseline -0.001 -23"><span class='ocrx_word' id='word_1_43' title='bbox 124 1061 254 1126; x_wconf 81' lang='lat' dir='ltr'>.den11</span> <span class='ocrx_word' id='word_1_44' title='bbox 281 1060 413 1139; x_wconf 78' lang='lat' dir='ltr'>domuS,</span> <span class='ocrx_word' id='word_1_45' title='bbox 443 1061 625 1147; x_wconf 90' lang='lat' dir='ltr'>episcopali</span> <span class='ocrx_word' id='word_1_46' title='bbox 647 1063 848 1126; x_wconf 88' lang='lat' dir='ltr'>auctoritate</span> <span class='ocrx_word' id='word_1_47' title='bbox 873 1063 1124 1149; x_wconf 89' lang='lat' dir='ltr'>imperpetuum</span> <span class='ocrx_word' id='word_1_48' title='bbox 1149 1065 1272 1126; x_wconf 84' lang='lat' dir='ltr'>contir-</span> 
     </span>
     <span class='ocr_line' id='line_1_8' title="bbox 152 1162 1272 1257; baseline 0.002 -31"><span class='ocrx_word' id='word_1_49' title='bbox 152 1186 297 1241; x_wconf 84' lang='lat' dir='ltr'>mamus,</span> <span class='ocrx_word' id='word_1_50' title='bbox 311 1162 456 1249; x_wconf 89' lang='lat' dir='ltr'>quedam</span> <span class='ocrx_word' id='word_1_51' title='bbox 470 1186 531 1249; x_wconf 92' lang='lat' dir='ltr'>pro</span> <span class='ocrx_word' id='word_1_52' title='bbox 546 1163 693 1227; x_wconf 88' lang='lat' dir='ltr'>utilitate</span> <span class='ocrx_word' id='word_1_53' title='bbox 710 1163 831 1227; x_wconf 90' lang='lat' dir='ltr'>domus</span> <span class='ocrx_word' id='word_1_54' title='bbox 842 1172 958 1257; x_wconf 69' lang='lat' dir='ltr'>¹vestre</span> <span class='ocrx_word' id='word_1_55' title='bbox 974 1165 1014 1228; x_wconf 92' lang='lat' dir='ltr'>de</span> <span class='ocrx_word' id='word_1_56' title='bbox 1030 1187 1118 1228; x_wconf 87' lang='lat' dir='ltr'>novo</span> <span class='ocrx_word' id='word_1_57' title='bbox 1133 1165 1272 1252; x_wconf 86' lang='lat' dir='ltr'>provide</span> 
     </span>
     <span class='ocr_line' id='line_1_9' title="bbox 152 1265 1273 1354; baseline 0 -24"><span class='ocrx_word' id='word_1_58' title='bbox 152 1273 353 1340; x_wconf 65' lang='lat' dir='ltr'>statuentes</span> <span class='ocrx_word' id='word_1_59' title='bbox 375 1265 520 1351; x_wconf 90' lang='lat' dir='ltr'>quedam</span> <span class='ocrx_word' id='word_1_60' title='bbox 540 1289 620 1329; x_wconf 90' lang='lat' dir='ltr'>vero</span> <span class='ocrx_word' id='word_1_61' title='bbox 641 1266 681 1329; x_wconf 90' lang='lat' dir='ltr'>dc</span> <span class='ocrx_word' id='word_1_62' title='bbox 707 1273 902 1330; x_wconf 90' lang='lat' dir='ltr'>sanctorum</span> <span class='ocrx_word' id='word_1_63' title='bbox 923 1267 1064 1331; x_wconf 89' lang='lat' dir='ltr'>Patrum</span> <span class='ocrx_word' id='word_1_64' title='bbox 1088 1267 1273 1354; x_wconf 87' lang='lat' dir='ltr'>antiquatis</span> 
     </span>
     <span class='ocr_line' id='line_1_10' title="bbox 153 1368 1274 1458; baseline 0.001 -26"><span class='ocrx_word' id='word_1_65' title='bbox 153 1369 281 1454; x_wconf 86' lang='lat' dir='ltr'>regulis</span> <span class='ocrx_word' id='word_1_66' title='bbox 294 1375 327 1432; x_wconf 90' lang='lat' dir='ltr'>et</span> <span class='ocrx_word' id='word_1_67' title='bbox 337 1368 480 1431; x_wconf 91' lang='lat' dir='ltr'>aliorum</span> <span class='ocrx_word' id='word_1_68' title='bbox 494 1369 651 1432; x_wconf 91' lang='lat' dir='ltr'>ordinum</span> <span class='ocrx_word' id='word_1_69' title='bbox 662 1368 935 1434; x_wconf 84' lang='lat' dir='ltr'>institutionibus</span> <span class='ocrx_word' id='word_1_70' title='bbox 948 1369 1142 1456; x_wconf 89' lang='lat' dir='ltr'>approbatis</span> <span class='ocrx_word' id='word_1_71' title='bbox 1155 1370 1274 1458; x_wconf 87' lang='lat' dir='ltr'>adjun-</span> 
     </span>
     <span class='ocr_line' id='line_1_11' title="bbox 152 1467 1274 1557; baseline 0 -22"><span class='ocrx_word' id='word_1_72' title='bbox 152 1478 288 1557; x_wconf 78' lang='lat' dir='ltr'>genteS,</span> <span class='ocrx_word' id='word_1_73' title='bbox 324 1477 373 1550; x_wconf 90' lang='lat' dir='ltr'>et,</span> <span class='ocrx_word' id='word_1_74' title='bbox 404 1478 443 1535; x_wconf 90' lang='lat' dir='ltr'>ut</span> <span class='ocrx_word' id='word_1_75' title='bbox 471 1472 622 1556; x_wconf 79' lang='lat' dir='ltr'>regulam</span> <span class='ocrx_word' id='word_1_76' title='bbox 654 1467 852 1557; x_wconf 83' lang='lat' dir='ltr'>diligentius</span> <span class='ocrx_word' id='word_1_77' title='bbox 879 1470 1081 1552; x_wconf 79' lang='lat' dir='ltr'>observetis,</span> <span class='ocrx_word' id='word_1_78' title='bbox 1113 1471 1210 1536; x_wconf 84' lang='lat' dir='ltr'>vobis</span> <span class='ocrx_word' id='word_1_79' title='bbox 1239 1472 1274 1535; x_wconf 89' lang='lat' dir='ltr'>in</span> 
     </span>
     <span class='ocr_line' id='line_1_12' title="bbox 154 1573 859 1660; baseline 0.003 -23"><span class='ocrx_word' id='word_1_80' title='bbox 154 1574 387 1638; x_wconf 89' lang='lat' dir='ltr'>remissionem</span> <span class='ocrx_word' id='word_1_81' title='bbox 402 1581 616 1659; x_wconf 90' lang='lat' dir='ltr'>peccatorum</span> <span class='ocrx_word' id='word_1_82' title='bbox 632 1573 859 1660; x_wconf 78' lang='lat' dir='ltr'>injungentes,</span> 
     </span>
    </p>

    <p class='ocr_par' dir='ltr' id='par_1_4' title="bbox 155 1676 1278 2264">
     <span class='ocr_line' id='line_1_13' title="bbox 200 1676 1275 1760; baseline 0 -20"><span class='ocrx_word' id='word_1_83' title='bbox 200 1676 251 1740; x_wconf 87' lang='lat' dir='ltr'>Ne</span> <span class='ocrx_word' id='word_1_84' title='bbox 271 1676 376 1760; x_wconf 86' lang='lat' dir='ltr'>igitur</span> <span class='ocrx_word' id='word_1_85' title='bbox 389 1676 480 1740; x_wconf 90' lang='lat' dir='ltr'>ultra</span> <span class='ocrx_word' id='word_1_86' title='bbox 495 1676 634 1739; x_wconf 90' lang='lat' dir='ltr'>modum</span> <span class='ocrx_word' id='word_1_87' title='bbox 654 1676 689 1738; x_wconf 94' lang='lat' dir='ltr'>in</span> <span class='ocrx_word' id='word_1_88' title='bbox 704 1676 923 1740; x_wconf 91' lang='lat' dir='ltr'>multitudine</span> <span class='ocrx_word' id='word_1_89' title='bbox 944 1676 1086 1739; x_wconf 85' lang='lat' dir='ltr'>fratrum</span> <span class='ocrx_word' id='word_1_90' title='bbox 1106 1677 1161 1740; x_wconf 84' lang='lat' dir='ltr'>vel</span> <span class='ocrx_word' id='word_1_91' title='bbox 1181 1700 1275 1740; x_wconf 88' lang='lat' dir='ltr'>soro-</span> 
     </span>
     <span class='ocr_line' id='line_1_14' title="bbox 155 1778 1275 1867; baseline 0 -24"><span class='ocrx_word' id='word_1_92' title='bbox 155 1802 232 1843; x_wconf 90' lang='lat' dir='ltr'>rum</span> <span class='ocrx_word' id='word_1_93' title='bbox 246 1778 372 1842; x_wconf 90' lang='lat' dir='ltr'>ibidem</span> <span class='ocrx_word' id='word_1_94' title='bbox 388 1778 656 1843; x_wconf 84' lang='lat' dir='ltr'>cohabitantium</span> <span class='ocrx_word' id='word_1_95' title='bbox 676 1778 793 1843; x_wconf 89' lang='lat' dir='ltr'>eadem</span> <span class='ocrx_word' id='word_1_96' title='bbox 809 1779 930 1842; x_wconf 93' lang='lat' dir='ltr'>domus</span> <span class='ocrx_word' id='word_1_97' title='bbox 946 1787 1114 1860; x_wconf 85' lang='lat' dir='ltr'>oneretur,</span> <span class='ocrx_word' id='word_1_98' title='bbox 1136 1780 1275 1867; x_wconf 87' lang='lat' dir='ltr'>provide</span> 
     </span>
     <span class='ocr_line' id='line_1_15' title="bbox 156 1881 1277 1968; baseline -0.002 -22"><span class='ocrx_word' id='word_1_99' title='bbox 156 1882 339 1946; x_wconf 85' lang='lat' dir='ltr'>statuimus</span> <span class='ocrx_word' id='word_1_100' title='bbox 360 1903 401 1944; x_wconf 90' lang='lat' dir='ltr'>ne</span> <span class='ocrx_word' id='word_1_101' title='bbox 426 1883 515 1946; x_wconf 91' lang='lat' dir='ltr'>ultra</span> <span class='ocrx_word' id='word_1_102' title='bbox 540 1903 643 1968; x_wconf 91' lang='lat' dir='ltr'>quam</span> <span class='ocrx_word' id='word_1_103' title='bbox 667 1881 734 1945; x_wconf 91' lang='lat' dir='ltr'>duo</span> <span class='ocrx_word' id='word_1_104' title='bbox 762 1881 952 1968; x_wconf 86' lang='lat' dir='ltr'>presbiteri,</span> <span class='ocrx_word' id='word_1_105' title='bbox 984 1882 1062 1945; x_wconf 89' lang='lat' dir='ltr'>talis</span> <span class='ocrx_word' id='word_1_106' title='bbox 1091 1883 1190 1946; x_wconf 88' lang='lat' dir='ltr'>etatis</span> <span class='ocrx_word' id='word_1_107' title='bbox 1218 1882 1277 1968; x_wconf 89' lang='lat' dir='ltr'>qui</span> 
     </span>
     <span class='ocr_line' id='line_1_16' title="bbox 156 1983 1278 2071; baseline 0 -23"><span class='ocrx_word' id='word_1_108' title='bbox 156 1984 280 2070; x_wconf 83' lang='lat' dir='ltr'>ydonei</span> <span class='ocrx_word' id='word_1_109' title='bbox 296 1984 363 2048; x_wconf 91' lang='lat' dir='ltr'>sint</span> <span class='ocrx_word' id='word_1_110' title='bbox 383 1985 425 2048; x_wconf 87' lang='lat' dir='ltr'>ad</span> <span class='ocrx_word' id='word_1_111' title='bbox 445 1984 559 2048; x_wconf 83' lang='lat' dir='ltr'>divina</span> <span class='ocrx_word' id='word_1_112' title='bbox 580 1983 791 2065; x_wconf 89' lang='lat' dir='ltr'>celebranda,</span> <span class='ocrx_word' id='word_1_113' title='bbox 810 1991 843 2048; x_wconf 91' lang='lat' dir='ltr'>et</span> <span class='ocrx_word' id='word_1_114' title='bbox 860 2007 949 2048; x_wconf 91' lang='lat' dir='ltr'>unus</span> <span class='ocrx_word' id='word_1_115' title='bbox 965 1985 1106 2049; x_wconf 89' lang='lat' dir='ltr'>clericus</span> <span class='ocrx_word' id='word_1_116' title='bbox 1125 1993 1225 2071; x_wconf 89' lang='lat' dir='ltr'>aptus</span> <span class='ocrx_word' id='word_1_117' title='bbox 1244 1991 1278 2048; x_wconf 90' lang='lat' dir='ltr'>et</span> 
     </span>
     <span class='ocr_line' id='line_1_17' title="bbox 156 2086 1277 2173; baseline 0.001 -25"><span class='ocrx_word' id='word_1_118' title='bbox 156 2086 280 2150; x_wconf 90' lang='lat' dir='ltr'>habilis</span> <span class='ocrx_word' id='word_1_119' title='bbox 312 2086 354 2149; x_wconf 87' lang='lat' dir='ltr'>ad</span> <span class='ocrx_word' id='word_1_120' title='bbox 390 2086 613 2151; x_wconf 87' lang='lat' dir='ltr'>ordinandum</span> <span class='ocrx_word' id='word_1_121' title='bbox 647 2086 681 2149; x_wconf 92' lang='lat' dir='ltr'>in</span> <span class='ocrx_word' id='word_1_122' title='bbox 710 2110 747 2150; x_wconf 84' lang='lat' dir='ltr'>ea</span> <span class='ocrx_word' id='word_1_123' title='bbox 781 2086 996 2173; x_wconf 84' lang='lat' dir='ltr'>recipiantur,</span> <span class='ocrx_word' id='word_1_124' title='bbox 1032 2110 1092 2150; x_wconf 89' lang='lat' dir='ltr'>nec</span> <span class='ocrx_word' id='word_1_125' title='bbox 1127 2109 1277 2172; x_wconf 90' lang='lat' dir='ltr'>unquam</span> 
     </span>
     <span class='ocr_line' id='line_1_18' title="bbox 157 2189 951 2264; baseline 0.004 -12"><span class='ocrx_word' id='word_1_126' title='bbox 157 2211 337 2252; x_wconf 91' lang='lat' dir='ltr'>numerum</span> <span class='ocrx_word' id='word_1_127' title='bbox 352 2189 457 2254; x_wconf 92' lang='lat' dir='ltr'>istum</span> <span class='ocrx_word' id='word_1_128' title='bbox 472 2190 514 2264; x_wconf 86' lang='lat' dir='ltr'>de</span> <span class='ocrx_word' id='word_1_129' title='bbox 529 2197 640 2253; x_wconf 88' lang='lat' dir='ltr'>cetero</span> <span class='ocrx_word' id='word_1_130' title='bbox 658 2189 761 2253; x_wconf 91' lang='lat' dir='ltr'>simul</span> <span class='ocrx_word' id='word_1_131' title='bbox 776 2190 951 2255; x_wconf 87' lang='lat' dir='ltr'>excedant.</span> 
     </span>
    </p>

    <p class='ocr_par' dir='ltr' id='par_1_5' title="bbox 203 2291 1276 2378">
     <span class='ocr_line' id='line_1_19' title="bbox 203 2291 1276 2378; baseline 0.001 -24"><span class='ocrx_word' id='word_1_132' title='bbox 203 2291 246 2355; x_wconf 87' lang='lat' dir='ltr'>Et</span> <span class='ocrx_word' id='word_1_133' title='bbox 261 2299 407 2378; x_wconf 92' lang='lat' dir='ltr'>quatuor</span> <span class='ocrx_word' id='word_1_134' title='bbox 422 2293 576 2356; x_wconf 88' lang='lat' dir='ltr'>conversi</span> <span class='ocrx_word' id='word_1_135' title='bbox 592 2292 669 2355; x_wconf 88' lang='lat' dir='ltr'>laici</span> <span class='ocrx_word' id='word_1_136' title='bbox 684 2299 819 2356; x_wconf 89' lang='lat' dir='ltr'>tantum</span> <span class='ocrx_word' id='word_1_137' title='bbox 834 2291 960 2356; x_wconf 90' lang='lat' dir='ltr'>ibidem</span> <span class='ocrx_word' id='word_1_138' title='bbox 980 2293 1115 2357; x_wconf 87' lang='lat' dir='ltr'>valcant</span> <span class='ocrx_word' id='word_1_139' title='bbox 1130 2291 1276 2371; x_wconf 90' lang='lat' dir='ltr'>admitti,</span> 
     </span>
    </p>
   </div>
   <div class='ocr_carea' id='block_1_3' title="bbox 159 2399 1288 3925">
    <p class='ocr_par' dir='ltr' id='par_1_6' title="bbox 159 2399 1288 3925">
     <span class='ocr_line' id='line_1_20' title="bbox 159 2399 1280 2486; baseline 0.001 -24"><span class='ocrx_word' id='word_1_140' title='bbox 159 2406 192 2463; x_wconf 88' lang='lat' dir='ltr'>et</span> <span class='ocrx_word' id='word_1_141' title='bbox 213 2406 289 2461; x_wconf 92' lang='lat' dir='ltr'>octo</span> <span class='ocrx_word' id='word_1_142' title='bbox 312 2423 444 2464; x_wconf 88' lang='lat' dir='ltr'>sorores</span> <span class='ocrx_word' id='word_1_143' title='bbox 466 2406 611 2479; x_wconf 88' lang='lat' dir='ltr'>tantum,</span> <span class='ocrx_word' id='word_1_144' title='bbox 639 2423 704 2485; x_wconf 88' lang='lat' dir='ltr'>quc</span> <span class='ocrx_word' id='word_1_145' title='bbox 727 2400 812 2463; x_wconf 85' lang='lat' dir='ltr'>tales</span> <span class='ocrx_word' id='word_1_146' title='bbox 835 2399 903 2463; x_wconf 92' lang='lat' dir='ltr'>sint</span> <span class='ocrx_word' id='word_1_147' title='bbox 925 2407 958 2464; x_wconf 91' lang='lat' dir='ltr'>et</span> <span class='ocrx_word' id='word_1_148' title='bbox 979 2407 1050 2464; x_wconf 93' lang='lat' dir='ltr'>tam</span> <span class='ocrx_word' id='word_1_149' title='bbox 1070 2399 1174 2463; x_wconf 88' lang='lat' dir='ltr'>fortes</span> <span class='ocrx_word' id='word_1_150' title='bbox 1189 2399 1280 2486; x_wconf 91' lang='lat' dir='ltr'>quod</span> 
     </span>
     <span class='ocr_line' id='line_1_21' title="bbox 160 2501 1280 2589; baseline -0.002 -23"><span class='ocrx_word' id='word_1_151' title='bbox 160 2502 268 2566; x_wconf 90' lang='lat' dir='ltr'>ollicia</span> <span class='ocrx_word' id='word_1_152' title='bbox 288 2502 410 2567; x_wconf 92' lang='lat' dir='ltr'>domus</span> <span class='ocrx_word' id='word_1_153' title='bbox 425 2510 654 2589; x_wconf 89' lang='lat' dir='ltr'>competenter</span> <span class='ocrx_word' id='word_1_154' title='bbox 673 2502 808 2567; x_wconf 87' lang='lat' dir='ltr'>valeant</span> <span class='ocrx_word' id='word_1_155' title='bbox 829 2526 993 2567; x_wconf 87' lang='lat' dir='ltr'>exercere.</span> <span class='ocrx_word' id='word_1_156' title='bbox 1012 2502 1083 2566; x_wconf 89' lang='lat' dir='ltr'>Nec</span> <span class='ocrx_word' id='word_1_157' title='bbox 1098 2501 1280 2589; x_wconf 90' lang='lat' dir='ltr'>aliquando</span> 
     </span>
     <span class='ocr_line' id='line_1_22' title="bbox 160 2604 1281 2690; baseline -0.002 -22"><span class='ocrx_word' id='word_1_158' title='bbox 160 2627 321 2668; x_wconf 91' lang='lat' dir='ltr'>numerus</span> <span class='ocrx_word' id='word_1_159' title='bbox 352 2605 415 2669; x_wconf 89' lang='lat' dir='ltr'>istc</span> <span class='ocrx_word' id='word_1_160' title='bbox 447 2605 641 2669; x_wconf 82' lang='lat' dir='ltr'>excedatur.</span> <span class='ocrx_word' id='word_1_161' title='bbox 675 2605 724 2669; x_wconf 84' lang='lat' dir='ltr'>lta</span> <span class='ocrx_word' id='word_1_162' title='bbox 758 2613 871 2669; x_wconf 90' lang='lat' dir='ltr'>tamen</span> <span class='ocrx_word' id='word_1_163' title='bbox 905 2612 955 2687; x_wconf 91' lang='lat' dir='ltr'>ut,</span> <span class='ocrx_word' id='word_1_164' title='bbox 987 2628 1065 2669; x_wconf 90' lang='lat' dir='ltr'>cum</span> <span class='ocrx_word' id='word_1_165' title='bbox 1094 2605 1218 2690; x_wconf 89' lang='lat' dir='ltr'>aliquis</span> <span class='ocrx_word' id='word_1_166' title='bbox 1247 2604 1281 2666; x_wconf 91' lang='lat' dir='ltr'>in</span> 
     </span>
     <span class='ocr_line' id='line_1_23' title="bbox 160 2706 1281 2794; baseline -0.004 -23"><span class='ocrx_word' id='word_1_167' title='bbox 160 2715 304 2793; x_wconf 89' lang='lat' dir='ltr'>utroque</span> <span class='ocrx_word' id='word_1_168' title='bbox 320 2731 403 2771; x_wconf 90' lang='lat' dir='ltr'>sexu</span> <span class='ocrx_word' id='word_1_169' title='bbox 423 2708 526 2794; x_wconf 86' lang='lat' dir='ltr'>recipi</span> <span class='ocrx_word' id='word_1_170' title='bbox 544 2706 710 2789; x_wconf 88' lang='lat' dir='ltr'>debuerit,</span> <span class='ocrx_word' id='word_1_171' title='bbox 729 2707 763 2770; x_wconf 90' lang='lat' dir='ltr'>in</span> <span class='ocrx_word' id='word_1_172' title='bbox 778 2707 896 2771; x_wconf 91' lang='lat' dir='ltr'>habitu</span> <span class='ocrx_word' id='word_1_173' title='bbox 917 2708 1060 2771; x_wconf 88' lang='lat' dir='ltr'>seculari</span> <span class='ocrx_word' id='word_1_174' title='bbox 1080 2730 1140 2793; x_wconf 88' lang='lat' dir='ltr'>per</span> <span class='ocrx_word' id='word_1_175' title='bbox 1155 2729 1281 2769; x_wconf 90' lang='lat' dir='ltr'>annum</span> 
     </span>
     <span class='ocr_line' id='line_1_24' title="bbox 160 2809 1282 2897; baseline -0.002 -25"><span class='ocrx_word' id='word_1_176' title='bbox 160 2809 333 2897; x_wconf 85' lang='lat' dir='ltr'>probetur,</span> <span class='ocrx_word' id='word_1_177' title='bbox 347 2817 391 2889; x_wconf 92' lang='lat' dir='ltr'>ct,</span> <span class='ocrx_word' id='word_1_178' title='bbox 410 2833 498 2874; x_wconf 89' lang='lat' dir='ltr'>anno</span> <span class='ocrx_word' id='word_1_179' title='bbox 510 2810 635 2896; x_wconf 86' lang='lat' dir='ltr'>elapso,</span> <span class='ocrx_word' id='word_1_180' title='bbox 649 2809 684 2872; x_wconf 92' lang='lat' dir='ltr'>in</span> <span class='ocrx_word' id='word_1_181' title='bbox 700 2818 881 2896; x_wconf 86' lang='lat' dir='ltr'>conspectu</span> <span class='ocrx_word' id='word_1_182' title='bbox 893 2810 1124 2874; x_wconf 85' lang='lat' dir='ltr'>univcrsitatis</span> <span class='ocrx_word' id='word_1_183' title='bbox 1140 2809 1282 2872; x_wconf 86' lang='lat' dir='ltr'>fratrum</span> 
     </span>
     <span class='ocr_line' id='line_1_25' title="bbox 162 2912 1283 3000; baseline -0.003 -22"><span class='ocrx_word' id='word_1_184' title='bbox 162 2921 195 2978; x_wconf 87' lang='lat' dir='ltr'>et</span> <span class='ocrx_word' id='word_1_185' title='bbox 208 2936 373 2992; x_wconf 92' lang='lat' dir='ltr'>sororum,</span> <span class='ocrx_word' id='word_1_186' title='bbox 388 2913 417 2976; x_wconf 90' lang='lat' dir='ltr'>ei</span> <span class='ocrx_word' id='word_1_187' title='bbox 431 2913 513 2976; x_wconf 94' lang='lat' dir='ltr'>ordo</span> <span class='ocrx_word' id='word_1_188' title='bbox 524 2913 646 2976; x_wconf 88' lang='lat' dir='ltr'>domus</span> <span class='ocrx_word' id='word_1_189' title='bbox 659 2921 859 2999; x_wconf 90' lang='lat' dir='ltr'>exponatur,</span> <span class='ocrx_word' id='word_1_190' title='bbox 873 2920 917 2994; x_wconf 90' lang='lat' dir='ltr'>et,</span> <span class='ocrx_word' id='word_1_191' title='bbox 932 2913 960 2976; x_wconf 91' lang='lat' dir='ltr'>si</span> <span class='ocrx_word' id='word_1_192' title='bbox 976 2913 1006 2976; x_wconf 89' lang='lat' dir='ltr'>ci</span> <span class='ocrx_word' id='word_1_193' title='bbox 1021 2912 1184 3000; x_wconf 85' lang='lat' dir='ltr'>placuerit</span> <span class='ocrx_word' id='word_1_194' title='bbox 1195 2951 1239 2959; x_wconf 90' lang='lat'>—</span> <span class='ocrx_word' id='word_1_195' title='bbox 1250 2919 1283 2975; x_wconf 90' lang='lat' dir='ltr'>ct</span> 
     </span>
     <span class='ocr_line' id='line_1_26' title="bbox 162 3014 1284 3102; baseline -0.003 -23"><span class='ocrx_word' id='word_1_196' title='bbox 162 3015 278 3079; x_wconf 90' lang='lat' dir='ltr'>domui</span> <span class='ocrx_word' id='word_1_197' title='bbox 299 3015 513 3078; x_wconf 85' lang='lat' dir='ltr'>similiter-</span> <span class='ocrx_word' id='word_1_198' title='bbox 532 3022 571 3079; x_wconf 93' lang='lat' dir='ltr'>ut</span> <span class='ocrx_word' id='word_1_199' title='bbox 591 3022 779 3094; x_wconf 90' lang='lat' dir='ltr'>remaneat,</span> <span class='ocrx_word' id='word_1_200' title='bbox 805 3024 838 3079; x_wconf 90' lang='lat' dir='ltr'>ct</span> <span class='ocrx_word' id='word_1_201' title='bbox 859 3039 894 3079; x_wconf 90' lang='lat' dir='ltr'>se</span> <span class='ocrx_word' id='word_1_202' title='bbox 913 3015 1107 3102; x_wconf 89' lang='lat' dir='ltr'>promiserit</span> <span class='ocrx_word' id='word_1_203' title='bbox 1131 3014 1284 3078; x_wconf 88' lang='lat' dir='ltr'>ordinem</span> 
     </span>
     <span class='ocr_line' id='line_1_27' title="bbox 163 3117 1281 3205; baseline -0.003 -23"><span class='ocrx_word' id='word_1_204' title='bbox 163 3118 433 3197; x_wconf 85' lang='lat' dir='ltr'>observaturum,</span> <span class='ocrx_word' id='word_1_205' title='bbox 449 3118 489 3181; x_wconf 91' lang='lat' dir='ltr'>de</span> <span class='ocrx_word' id='word_1_206' title='bbox 505 3141 671 3182; x_wconf 91' lang='lat' dir='ltr'>consensu</span> <span class='ocrx_word' id='word_1_207' title='bbox 687 3118 919 3182; x_wconf 88' lang='lat' dir='ltr'>universitatis</span> <span class='ocrx_word' id='word_1_208' title='bbox 936 3118 992 3182; x_wconf 82' lang='lat' dir='ltr'>vel</span> <span class='ocrx_word' id='word_1_209' title='bbox 1006 3119 1111 3205; x_wconf 91' lang='lat' dir='ltr'>partis</span> <span class='ocrx_word' id='word_1_210' title='bbox 1128 3117 1281 3197; x_wconf 89' lang='lat' dir='ltr'>sanioris,</span> 
     </span>
     <span class='ocr_line' id='line_1_28' title="bbox 163 3220 1282 3309; baseline 0.002 -27"><span class='ocrx_word' id='word_1_211' title='bbox 163 3221 197 3283; x_wconf 94' lang='lat' dir='ltr'>in</span> <span class='ocrx_word' id='word_1_212' title='bbox 217 3220 400 3304; x_wconf 82' lang='lat' dir='ltr'>collegium</span> <span class='ocrx_word' id='word_1_213' title='bbox 421 3220 543 3284; x_wconf 88' lang='lat' dir='ltr'>domus</span> <span class='ocrx_word' id='word_1_214' title='bbox 563 3221 755 3307; x_wconf 87' lang='lat' dir='ltr'>recipiatur.</span> <span class='ocrx_word' id='word_1_215' title='bbox 779 3221 829 3284; x_wconf 91' lang='lat' dir='ltr'>lta</span> <span class='ocrx_word' id='word_1_216' title='bbox 849 3229 963 3285; x_wconf 87' lang='lat' dir='ltr'>tamen</span> <span class='ocrx_word' id='word_1_217' title='bbox 988 3222 1080 3309; x_wconf 92' lang='lat' dir='ltr'>quod</span> <span class='ocrx_word' id='word_1_218' title='bbox 1102 3221 1166 3285; x_wconf 88' lang='lat' dir='ltr'>tria</span> <span class='ocrx_word' id='word_1_219' title='bbox 1192 3227 1282 3300; x_wconf 85' lang='lat' dir='ltr'>vota,</span> 
     </span>
     <span class='ocr_line' id='line_1_29' title="bbox 164 3323 1286 3411; baseline -0.001 -25"><span class='ocrx_word' id='word_1_220' title='bbox 164 3323 322 3386; x_wconf 76' lang='lat' dir='ltr'>videlicet</span> <span class='ocrx_word' id='word_1_221' title='bbox 338 3323 540 3404; x_wconf 87' lang='lat' dir='ltr'>obedientie,</span> <span class='ocrx_word' id='word_1_222' title='bbox 558 3324 725 3387; x_wconf 88' lang='lat' dir='ltr'>castitatis</span> <span class='ocrx_word' id='word_1_223' title='bbox 741 3331 774 3388; x_wconf 89' lang='lat' dir='ltr'>et</span> <span class='ocrx_word' id='word_1_224' title='bbox 794 3324 1055 3388; x_wconf 88' lang='lat' dir='ltr'>renuntiationis</span> <span class='ocrx_word' id='word_1_225' title='bbox 1070 3323 1286 3411; x_wconf 90' lang='lat' dir='ltr'>proprietatis</span> 
     </span>
     <span class='ocr_line' id='line_1_30' title="bbox 165 3425 1287 3514; baseline -0.001 -26"><span class='ocrx_word' id='word_1_226' title='bbox 165 3425 340 3489; x_wconf 88' lang='lat' dir='ltr'>humiliter</span> <span class='ocrx_word' id='word_1_227' title='bbox 361 3427 505 3505; x_wconf 88' lang='lat' dir='ltr'>emittat,</span> <span class='ocrx_word' id='word_1_228' title='bbox 534 3434 567 3489; x_wconf 91' lang='lat' dir='ltr'>et</span> <span class='ocrx_word' id='word_1_229' title='bbox 592 3426 683 3512; x_wconf 91' lang='lat' dir='ltr'>quod</span> <span class='ocrx_word' id='word_1_230' title='bbox 708 3427 780 3490; x_wconf 92' lang='lat' dir='ltr'>sine</span> <span class='ocrx_word' id='word_1_231' title='bbox 805 3427 941 3491; x_wconf 89' lang='lat' dir='ltr'>licentia</span> <span class='ocrx_word' id='word_1_232' title='bbox 966 3427 1173 3514; x_wconf 88' lang='lat' dir='ltr'>preceptoris</span> <span class='ocrx_word' id='word_1_233' title='bbox 1201 3426 1287 3489; x_wconf 90' lang='lat' dir='ltr'>nihil</span> 
     </span>
     <span class='ocr_line' id='line_1_31' title="bbox 165 3527 1287 3616; baseline 0.001 -26"><span class='ocrx_word' id='word_1_234' title='bbox 165 3528 303 3615; x_wconf 89' lang='lat' dir='ltr'>recipiet</span> <span class='ocrx_word' id='word_1_235' title='bbox 320 3530 373 3593; x_wconf 87' lang='lat' dir='ltr'>vel</span> <span class='ocrx_word' id='word_1_236' title='bbox 394 3527 541 3608; x_wconf 89' lang='lat' dir='ltr'>habebit,</span> <span class='ocrx_word' id='word_1_237' title='bbox 560 3530 615 3592; x_wconf 85' lang='lat' dir='ltr'>vel</span> <span class='ocrx_word' id='word_1_238' title='bbox 632 3529 690 3592; x_wconf 92' lang='lat' dir='ltr'>alii</span> <span class='ocrx_word' id='word_1_239' title='bbox 710 3528 860 3608; x_wconf 88' lang='lat' dir='ltr'>donabit,</span> <span class='ocrx_word' id='word_1_240' title='bbox 879 3530 1024 3594; x_wconf 82' lang='lat' dir='ltr'>fideliter</span> <span class='ocrx_word' id='word_1_241' title='bbox 1037 3530 1224 3616; x_wconf 87' lang='lat' dir='ltr'>promittat.</span> <span class='ocrx_word' id='word_1_242' title='bbox 1244 3530 1287 3592; x_wconf 84' lang='lat' dir='ltr'>Et</span> 
     </span>
     <span class='ocr_line' id='line_1_32' title="bbox 165 3631 1287 3716; baseline 0.001 -22"><span class='ocrx_word' id='word_1_243' title='bbox 165 3638 245 3695; x_wconf 84' lang='lat' dir='ltr'>tuno</span> <span class='ocrx_word' id='word_1_244' title='bbox 262 3631 412 3711; x_wconf 88' lang='lat' dir='ltr'>demum,</span> <span class='ocrx_word' id='word_1_245' title='bbox 435 3631 532 3694; x_wconf 90' lang='lat' dir='ltr'>llexis</span> <span class='ocrx_word' id='word_1_246' title='bbox 547 3632 704 3716; x_wconf 77' lang='lat' dir='ltr'>genibus,</span> <span class='ocrx_word' id='word_1_247' title='bbox 728 3631 849 3696; x_wconf 77' lang='lat' dir='ltr'>devote</span> <span class='ocrx_word' id='word_1_248' title='bbox 870 3641 903 3696; x_wconf 93' lang='lat' dir='ltr'>et</span> <span class='ocrx_word' id='word_1_249' title='bbox 920 3632 1097 3696; x_wconf 92' lang='lat' dir='ltr'>humiliter</span> <span class='ocrx_word' id='word_1_250' title='bbox 1116 3633 1149 3694; x_wconf 90' lang='lat' dir='ltr'>in</span> <span class='ocrx_word' id='word_1_251' title='bbox 1167 3655 1287 3696; x_wconf 86' lang='lat' dir='ltr'>manus</span> 
     </span>
     <span class='ocr_line' id='line_1_33' title="bbox 167 3734 1288 3823; baseline -0.001 -25"><span class='ocrx_word' id='word_1_252' title='bbox 167 3735 373 3820; x_wconf 88' lang='lat' dir='ltr'>preceptoris</span> <span class='ocrx_word' id='word_1_253' title='bbox 389 3734 423 3797; x_wconf 92' lang='lat' dir='ltr'>in</span> <span class='ocrx_word' id='word_1_254' title='bbox 438 3735 553 3798; x_wconf 88' lang='lat' dir='ltr'>osculo</span> <span class='ocrx_word' id='word_1_255' title='bbox 567 3735 661 3821; x_wconf 86' lang='lat' dir='ltr'>pacis</span> <span class='ocrx_word' id='word_1_256' title='bbox 680 3735 872 3822; x_wconf 85' lang='lat' dir='ltr'>recipiatur.</span> <span class='ocrx_word' id='word_1_257' title='bbox 891 3737 1157 3823; x_wconf 87' lang='lat' dir='ltr'>Verumptamen</span> <span class='ocrx_word' id='word_1_258' title='bbox 1173 3735 1288 3798; x_wconf 88' lang='lat' dir='ltr'>nullus</span> 
     </span>
     <span class='ocr_line' id='line_1_34' title="bbox 168 3833 960 3925; baseline 0.003 -23"><span class='ocrx_word' id='word_1_259' title='bbox 168 3844 331 3902; x_wconf 87' lang='lat' dir='ltr'>uxoratus</span> <span class='ocrx_word' id='word_1_260' title='bbox 351 3861 427 3900; x_wconf 84' lang='lat' dir='ltr'>eum</span> <span class='ocrx_word' id='word_1_261' title='bbox 445 3833 550 3901; x_wconf 81' lang='lat' dir='ltr'>uxore</span> <span class='ocrx_word' id='word_1_262' title='bbox 569 3862 629 3901; x_wconf 87' lang='lat' dir='ltr'>sua</span> <span class='ocrx_word' id='word_1_263' title='bbox 645 3838 748 3901; x_wconf 91' lang='lat' dir='ltr'>simul</span> <span class='ocrx_word' id='word_1_264' title='bbox 769 3839 960 3925; x_wconf 86' lang='lat' dir='ltr'>recipiatur.</span> 
     </span>
    </p>
   </div>
   <div class='ocr_carea' id='block_1_4' title="bbox 1247 4055 1285 4066">
    <p class='ocr_par' dir='ltr' id='par_1_7' title="bbox 1247 4055 1285 4066">
     <span class='ocr_line' id='line_1_35' title="bbox 1247 4055 1285 4066; baseline 0 0"><span class='ocrx_word' id='word_1_265' title='bbox 1247 4055 1285 4066; x_wconf 72' lang='lat' dir='ltr'>u·-</span> 
     </span>
    </p>
   </div>
   <div class='ocr_carea' id='block_1_5' title="bbox 158 4194 1289 4305">
    <p class='ocr_par' dir='ltr' id='par_1_8' title="bbox 158 4194 1289 4305">
     <span class='ocr_line' id='line_1_36' title="bbox 158 4194 1289 4258; baseline -0.002 -15"><span class='ocrx_word' id='word_1_266' title='bbox 158 4212 160 4218; x_wconf 70' lang='grc'>’</span> <span class='ocrx_word' id='word_1_267' title='bbox 200 4198 223 4243; x_wconf 86' lang='lat' dir='ltr'>l.</span> <span class='ocrx_word' id='word_1_268' title='bbox 239 4196 275 4243; x_wconf 88' lang='lat' dir='ltr'>Le</span> <span class='ocrx_word' id='word_1_269' title='bbox 296 4198 368 4243; x_wconf 85' lang='lat' dir='ltr'>texte</span> <span class='ocrx_word' id='word_1_270' title='bbox 389 4199 466 4258; x_wconf 88' lang='lat' dir='ltr'>porte</span> <span class='ocrx_word' id='word_1_271' title='bbox 486 4194 581 4252; x_wconf 81' lang='lat' dir='ltr'>eidem,</span> <span class='ocrx_word' id='word_1_272' title='bbox 602 4209 664 4241; x_wconf 85' lang='lat' dir='ltr'>sans</span> <span class='ocrx_word' id='word_1_273' title='bbox 685 4195 766 4240; x_wconf 90' lang='lat' dir='ltr'>doute</span> <span class='ocrx_word' id='word_1_274' title='bbox 784 4208 833 4254; x_wconf 83' lang='lat' dir='ltr'>per</span> <span class='ocrx_word' id='word_1_275' title='bbox 850 4194 978 4241; x_wconf 86' lang='lat' dir='ltr'>omission</span> <span class='ocrx_word' id='word_1_276' title='bbox 1002 4196 1034 4241; x_wconf 87' lang='lat' dir='ltr'>dc</span> <span class='ocrx_word' id='word_1_277' title='bbox 1050 4194 1235 4242; x_wconf 86' lang='lat' dir='ltr'>l&#39;ahrc&#39;viation</span> <span class='ocrx_word' id='word_1_278' title='bbox 1256 4196 1289 4241; x_wconf 75' lang='lat' dir='ltr'>&lt;lc</span> 
     </span>
     <span class='ocr_line' id='line_1_37' title="bbox 173 4270 210 4305; baseline 0.054 -2"><span class='ocrx_word' id='word_1_279' title='bbox 173 4270 210 4305; x_wconf 78' lang='lat' dir='ltr'>us.</span> 
     </span>
    </p>
   </div>
   <div class='ocr_carea' id='block_1_6' title="bbox 0 0 1464 4964">
    <p class='ocr_par' dir='ltr' id='par_1_9' title="bbox 0 0 1464 4964">
     <span class='ocr_line' id='line_1_38' title="bbox 0 0 1464 4964; baseline 0 0"><span class='ocrx_word' id='word_1_280' title='bbox 0 0 1464 4964; x_wconf 95' lang='lat' dir='ltr'> </span> 
     </span>
    </p>
   </div>
  </div>
 </body>
</html>
