2864 4964
173 384 238 448 222
519 406 654 451 srnrurs
677 407 718 450 oe
742 396 951 453 enrnosuams

171 529 308 616 leprosi,
330 528 371 592 ad
393 527 492 591 horas
507 528 646 592 veniant
665 535 700 592 et
719 528 761 592 ad
782 529 919 610 missas,
943 531 1007 595 nisi
1027 532 1227 600 infirmitate
1247 538 1301 601 vel

170 631 369 695 necessitate
386 631 451 694 alia
469 631 537 694 sint
553 630 692 696 detenti.

215 732 268 797 3l.
296 733 386 796 Laici
406 756 485 796 vero
504 755 565 819 pro
585 733 743 796 omnibus
763 733 854 797 horis
870 733 1175 822 dicalnlt'quilibet
1190 741 1300 826 quali-

169 836 225 900 bet
244 836 298 900 die
310 835 554 922 quinquaginta
570 834 701 898 vicibus
716 835 819 898 Pater
830 846 942 913 noster
956 844 990 901 et
1012 838 1151 903 totidem
1166 841 1299 907 vicibus

168 937 240 1001 Ave
254 939 377 1009 llario,
396 945 429 1001 et
444 944 541 1001 orent
555 959 615 1022 pro
631 935 811 1002 defunctis.

214 1039 266 1104 35.
295 1039 419 1104 Nullus
446 1039 536 1102 enim
560 1044 716 1102 mutuum
734 1040 922 1115 contrahat,
944 1048 1045 1121 emat,
1069 1043 1210 1123 vendat,
1226 1047 1297 1111 sive

168 1141 208 1205 de
231 1141 328 1206 bonis
347 1142 468 1205 domus
488 1140 612 1206 alienet
631 1140 770 1226 aliquid,
791 1142 855 1204 nisi
878 1143 919 1205 de
943 1145 1136 1230 permissu¹
1158 1148 1293 1232 prioris,

168 1244 202 1308 Si
224 1245 300 1329 quis
324 1251 438 1307 contra
470 1244 533 1307 hoo
559 1241 675 1306 lecerit
707 1266 773 1307 una
808 1244 862 1307 die
883 1244 947 1308 sibi
966 1245 1084 1309 vinum
1111 1272 1193 1312 cum
1223 1274 1295 1315 car-

167 1345 266 1410 nibus
281 1348 474 1425 autleratur,
493 1346 546 1408 vel
567 1344 721 1431 pluribus
743 1346 874 1420 diebus
898 1348 1082 1412 secundum
1100 1350 1306 1438 dispositio-'

166 1470 242 1511 nem
260 1449 393 1535 prioriS,
412 1448 440 1510 si
458 1447 572 1511 delicti
592 1449 766 1533 quantitas
782 1448 844 1513 hoc
860 1449 1031 1535 deposcat.

211 1550 263 1614 36.
293 1551 341 1614 De
359 1550 502 1636 receptis
518 1556 550 1613 et
570 1551 725 1636 expensis
741 1550 863 1615 domus
878 1553 1088 1640 computabit
1107 1555 1201 1641 prior
1216 1581 1293 1621 cum

165 1652 404 1717 maturioribus
437 1661 470 1716 et
505 1651 759 1716 discretioribus
791 1653 913 1718 domus
946 1656 1095 1743 predicte
1137 1659 1293 1743 quolibet

164 1778 278 1818 mense
305 1755 408 1819 semel
436 1761 470 1818 et
492 1763 625 1819 tenetur
649 1755 741 1840 prior
762 1755 948 1842 burgenses
976 1758 1018 1822 de
1036 1759 1133 1823 Bello
1154 1759 1230 1825 loco
1250 1761 1293 1826 ad

163 1856 291 1921 dictum
312 1864 507 1942 compotum
522 1855 686 1921 advocare
697 1857 720 1922 ².

208 1957 261 2023 37.
289 1959 452 2045 Supprior
465 1966 579 2023 autem
595 1960 804 2046 leprosorum
819 1983 886 2024 non
901 1961 1009 2048 possit
1021 1961 1101 2027 dare
1116 1962 1291 2029 licentiam

163 2059 319 2125 exeundi.

206 2161 259 2227 38.
288 2163 373 2227 ltem
405 2161 564 2227 volumus
593 2161 684 2249 quod
715 2163 961 2227 annuntiantur
991 2165 1224 2232 anniversaria
1255 2169 1289 2232 in

161 2266 345 2330 communi.

206 2366 259 2433 39.
286 2367 526 2453 Unusquisque
546 2373 700 2431 teneatur
714 2366 849 2431 obedire
865 2368 968 2454 priori
988 2369 1022 2431 in
1042 2370 1202 2435 omnibus
1223 2395 1288 2460 que

159 2470 202 2534 ad
217 2470 289 2555 ejus
309 2470 456 2534 officium
473 2468 655 2555 pertinent,
673 2476 707 2533 et
726 2469 873 2534 maxime
888 2470 923 2533 in
942 2471 1087 2558 hiisque
1107 2471 1150 2536 ad
1170 2473 1288 2539 obser-

159 2573 328 2637 vationem
345 2581 460 2637 nostre
478 2571 698 2635 ordinationis
722 2571 893 2657 pertinent
907 2572 937 2636 ei
959 2580 1118 2638 tenentur
1143 2575 1288 2641 firmiter

157 2673 303 2739 obedire.
324 2675 359 2740 Si
378 2674 454 2762 quis
469 2697 550 2738 vero
568 2681 749 2738 contumax
765 2672 867 2737 luerit
882 2681 916 2738 et
930 2674 1034 2760 priori
1052 2675 1190 2740 obedire
1206 2701 1286 2742 con-

156 2778 343 2865 tempserit,
372 2800 431 2863 per
458 2775 740 2840 substractionem
767 2776 918 2839 omnium
945 2776 1111 2841 bonorum
1136 2802 1202 2866 que
1221 2804 1284 2866 pro

156 2879 249 2944 victu
272 2888 305 2945 et
320 2880 446 2944 vestitu
464 2877 589 2943 debent
618 2877 775 2965 recipere,
800 2878 951 2964 quandiu
972 2879 1019 2943 sic
1042 2883 1281 2967 permanserit,

156 2983 327 3068 puniatur.

201 3083 254 3148 ll).
281 3085 317 3149 Si
336 3083 412 3171 quis
438 3106 517 3146 vero
539 3081 633 3145 fratri
657 3083 711 3146 vel
744 3082 849 3145 sorori
866 3083 1145 3149 comminationes
1165 3085 1284 3154 fecerit

155 3185 209 3248 vel
225 3186 346 3249 dixerit
368 3184 514 3249 convitia
530 3183 584 3248 vel
606 3183 798 3271 opprobria,
823 3184 902 3248 vino
922 3193 1033 3250 careat
1056 3209 1124 3251 una
1144 3187 1197 3252 die
1227 3190 1283 3254 vel

154 3286 308 3374 pluribus
323 3287 442 3351 diebus
466 3285 653 3350 secundum
675 3285 930 3372 dispositionem
953 3288 1086 3374 prioris,
1116 3289 1145 3354 si
1166 3289 1284 3357 delicti

154 3390 325 3476 quantitas
343 3390 406 3453 hoc
428 3389 599 3476 deposcat.

198 3490 252 3558 ll.
280 3492 315 3557 Si
349 3493 426 3579 quis
452 3514 544 3572 vero,
576 3491 667 3577 quod
685 3490 790 3555 absitl
813 3491 847 3554 in
875 3491 1013 3557 fratrem
1042 3493 1097 3557 vel
1128 3517 1282 3561 sororem

153 3617 273 3659 manus
299 3594 453 3681 injecerit
480 3592 659 3674 violentas,
689 3592 732 3658 ad
760 3592 938 3658 arbitrium
972 3595 1099 3659 domini
1128 3597 1282 3685 episcopi

151 3695 323 3782 puniatur.

182 4043 204 4086 1.
222 4037 360 4087 Promisau
374 4037 440 4086 dans
453 4038 477 4086 le
484 4037 633 4087 Cartulairc
648 4052 741 4098 rouge.

182 4103 203 4148 2.
222 4101 333 4163 D'aprts
346 4101 390 4172 ¹les
409 4104 495 4172 tentes
509 4101 554 4163 qui
573 4102 621 4148 ont
638 4101 708 4148 servi
720 4101 735 4146 t
749 4099 784 4146 M.
800 4100 906 4172 blerlet.
926 4104 970 4149 cet
984 4103 1078 4149 article
1101 4103 1144 4150 fut
1158 4103 1277 4154 d'ebord

149 4164 295 4274 illeliffi'
306 4178 366 4225 puis
379 4162 475 4210 retabli
487 4177 520 4215 en
534 4165 658 4224 1459,par
670 4162 749 4210 ordre
758 4161 791 4210 de
804 4161 929 4223 l’offlcral,
943 4178 975 4211 en
989 4167 1089 4214 termes
1103 4179 1140 4212 un
1156 4180 1209 4228 peu
1224 4169 1278 4216 dil-
