2864 4964
149 379 212 443 246
497 399 631 443 smrtrs
656 401 696 442 ne
716 389 926 442 Ltrnosamus

150 524 198 586 ria
210 523 409 586 auctoritate
427 521 469 585 ad
484 528 680 609 perpetuam
694 521 890 584 memoriam
911 528 945 585 et
959 521 1217 586 observanciam
1233 545 1274 586 ex

149 632 238 688 certa
259 625 403 688 sciencia
424 623 675 700 confirmamus,
696 631 729 687 et
747 622 905 686 omnibus
920 631 954 687 et
973 623 1118 709 singulis
1141 631 1182 689 ut
1200 647 1277 711 pre-

151 728 297 791 mittitur
317 726 480 790 ordinatis
495 732 530 789 et
544 725 692 804 statutis,
707 723 859 804 fecimuS‚
877 726 1116 790 constituimus
1135 732 1169 790 et
1184 727 1277 791 ordi-

150 829 323 906 navimus,
357 827 511 903 facimus,
545 826 785 890 constituimus
818 834 853 890 et
881 827 1078 892 ordinamus
1111 828 1276 893 dilectum

150 930 248 994 nobis
273 931 307 993 in
336 929 472 994 Christo
508 930 697 994 Johannem
726 928 861 1008 ltinelli‚
891 929 1130 1016 presbiterum,
1162 931 1276 994 virum

150 1034 268 1118 utique
288 1033 322 1095 in
339 1031 571 1118 spiritualibus
586 1038 620 1094 et
637 1030 881 1117 temporalibus
903 1032 1199 1119 circumspectum,
1216 1035 1278 1120 qui

150 1159 185 1199 se
205 1142 239 1199 et
258 1158 316 1198 sua
335 1134 428 1198 dedit
444 1134 514 1196 Deo
532 1141 566 1196 et
585 1133 699 1196 domui
719 1133 880 1219 predicte,
903 1133 1038 1197 tratrem
1057 1135 1221 1198 donatum
1242 1143 1279 1201 et

149 1237 294 1323 priorem
311 1235 432 1298 domus
446 1235 610 1320 ejusdem,
628 1257 810 1319 curamque
825 1235 1013 1298 animarum
1029 1235 1196 1299 dictorum
1208 1236 1278 1301 fra-

151 1348 240 1403 trum
257 1345 290 1401 et
307 1361 462 1400 sororum
477 1337 711 1400 commisimus
726 1344 759 1400 et
774 1338 1031 1417 committimus
1047 1345 1081 1402 et
1102 1339 1144 1402 de
1164 1340 1278 1403 omni-

150 1441 213 1504 bus
242 1463 341 1526 supra
367 1440 531 1503 ordinatis
551 1439 656 1524 jurari
685 1463 745 1525 per
775 1440 920 1524 priorem
945 1440 1178 1526 juramentum
1201 1464 1278 1505 cor-

150 1543 263 1630 porale
281 1543 470 1629 recepimus
485 1541 526 1604 ab
540 1541 674 1620 eodem3
692 1564 824 1604 necnon
842 1548 876 1604 et
895 1543 1059 1605 Thomam
1079 1542 1209 1607 dictum
1228 1544 1278 1608 Le

151 1646 240 1721 Bois,
260 1645 430 1717 clericum,
448 1645 504 1730 qui
526 1667 561 1707 se
577 1651 611 1707 et
631 1666 692 1706 sua
713 1643 806 1707 dedit
826 1644 897 1707 Deo
922 1651 955 1708 et
972 1645 1087 1708 domui
1107 1646 1276 1732 predicte,

150 1748 291 1811 lecimus
307 1754 341 1810 et
356 1747 596 1810 constituimus
612 1753 861 1832 procuratorem
883 1746 971 1810 dicte
988 1747 1121 1827 domus,
1133 1749 1278 1836 etjura-

149 1858 301 1914 mentum
342 1874 360 1913 a
400 1847 615 1936 procuratore
653 1849 795 1934 prestari
829 1848 980 1913 debitum
1009 1851 1199 1937 recepimus
1232 1852 1278 1916 ab

149 1952 279 2029 eodem,
302 1951 428 2014 eisdem
453 1951 556 2037 priori
584 1957 617 2014 et
641 1951 851 2037 procuratori
880 1959 1014 2015 nostras
1037 1952 1121 2015 alias
1143 1952 1278 2017 litteras

150 2078 251 2141 super
273 2056 336 2118 boc
356 2053 581 2133 concedende,
601 2053 636 2116 in
660 2076 806 2139 quorum
831 2053 984 2117 omnium
1003 2061 1038 2118 et
1061 2055 1279 2140 singulorum

149 2157 382 2221 testimonium
401 2157 551 2241 sigillum
567 2163 721 2219 nostrum
737 2155 897 2219 duximus
916 2156 1039 2220 litteris
1058 2157 1279 2243 presentibus

150 2259 400 2346 apponendum.
424 2260 510 2322 Acta
525 2257 662 2322 luerunt
681 2258 743 2321 hec
758 2258 792 2321 in
810 2257 911 2339 domo
931 2266 1047 2323 nostra
1064 2260 1183 2324 Sancti
1195 2260 1279 2324 Vic-

150 2363 232 2425 toris
245 2361 341 2446 juxta
364 2361 530 2441 ParisiuS,
555 2360 608 2423 die
631 2373 701 2423 uvia
725 2361 851 2424 mensis
872 2361 1000 2440 marcii,
1023 2384 1112 2425 anno
1136 2362 1280 2427 Domini

151 2463 331 2528 millesimo
350 2464 585 2527 trecentesimo
597 2461 854 2548 quadragesimo
870 2471 1001 2528 octavo,

671 2898 746 2956 Xlll

248 3051 428 3109 srarurs
445 3051 500 3108 nu
523 3053 574 3110 m
598 3037 857 3109 neruosusne
880 3049 957 3108 uus
979 3032 1173 3110 nunnius
1209 3059 1213 3064 ⁴

513 3185 711 3250 Ante'rieurs
736 3193 755 3248 a
781 3183 866 3247 1380
881 3185 903 3248 ¹.

149 3327 330 3378 Manuscrits.
347 3326 421 3378 Bibl.
438 3331 510 3392 nat,
524 3326 559 3378 fr.
576 3327 672 3393 14554,
688 3327 812 3396 registre
828 3325 895 3378 date
908 3325 944 3378 de
956 3325 1034 3379 1380.
1052 3357 1086 3363 -
1099 3325 1187 3381 Arch.
1201 3334 1275 3397 nat,

185 3411 204 3463 S
219 3412 299 3475 4890,
317 3412 440 3480 registro
459 3410 559 3480 redige
576 3429 641 3464 vers
658 3411 725 3464 1438
736 3410 758 3463 ².
773 3443 806 3449 -
823 3397 952 3464 Edicton.
972 3411 1003 3462 L.
1021 3409 1140 3476 Delisle,
1157 3410 1232 3465 dans
1248 3413 1276 3467 le

183 3495 298 3547 Recueil
313 3495 361 3548 des
379 3501 501 3547 travauoe
515 3496 550 3547 de
568 3494 595 3546 la
609 3496 717 3548 Socicte
736 3494 810 3547 libre
824 3494 859 3546 de
879 3495 985 3562 l'Eure,
1004 3495 1032 3546 3Θ
1050 3495 1136 3562 serie,
1153 3500 1235 3550 tome
1250 3497 1275 3550 Il

185 3579 338 3650 (1852-53),
352 3597 380 3649 p.
398 3581 524 3647 tat-393,
542 3580 656 3649 d'apres
668 3580 695 3631 le
712 3580 838 3648 premier
850 3579 886 3632 de
902 3596 952 3631 ces
964 3579 1152 3632 manuscrits.

194 3716 258 3781 Ces
278 3717 489 3781 institutions
518 3725 552 3781 et
576 3724 752 3780 sentences
772 3717 830 3804 qui
857 3715 1077 3797 s'ensuivent‚
1098 3715 1219 3780 faictes
1241 3725 1276 3782 et

150 3820 317 3883 ordonnes
337 3843 399 3906 par
419 3820 468 3882 les
493 3818 653 3905 bourgois
677 3818 848 3904 d'Andely
868 3818 909 3882 de
935 3841 975 3903 sy
994 3817 1189 3905 longtemps
1214 3820 1276 3906 qui

182 4060 202 4103 l.
222 4056 257 4101 Le
271 4057 365 4102 mattre
379 4055 411 4101 de
434 4055 459 4101 la
479 4053 624 4115 le'proserie
642 4055 686 4115 qui
709 4069 724 4100 a
742 4053 819 4115 copie'
837 4068 881 4100 ces
900 4056 999 4101 statuts
1012 4067 1074 4100 vers
1086 4052 1111 4100 le
1128 4051 1221 4098 milieu
1235 4053 1272 4100 du

149 4128 194 4164 xv⁶
211 4118 291 4164 siecle
309 4133 354 4163 sur
374 4132 409 4163 un
430 4117 578 4163 manuscrit
591 4117 624 4162 de
638 4121 707 4173 1380,
726 4115 832 4163 de'clare
848 4114 926 4177 qu'ils
943 4118 1006 4162 sont
1018 4113 1147 4163 observe's
1160 4114 1229 4162 dans
1246 4115 1272 4163 la

149 4181 252 4227 maison
266 4181 298 4226 de
316 4184 404 4241 temps
415 4179 600 4226 immemorial.

182 4249 203 4288 2.
224 4242 297 4288 Nous
311 4257 394 4289 avons
413 4242 497 4288 choisi
513 4243 580 4288 dans
593 4242 695 4302 chaque
713 4241 862 4287 manuscrit
874 4239 915 4286 les
928 4239 1019 4297 lecons
1032 4238 1078 4300 qui
1090 4237 1272 4299 paraissaient
