2864 4964
415 422 551 483 norman
576 414 760 483 satur-ruis
786 440 827 484 nu
851 428 1032 484 marsanam
1263 422 1283 488 9

168 557 278 625 deceat
303 560 528 626 sanctitatem.
552 559 694 639 Quando
718 562 819 625 etiam
844 561 969 627 fuerint
990 563 1024 626 in
1049 564 1149 627 domo
1172 566 1283 629 autin

165 662 313 744 ecclesia,
333 664 389 727 vel
406 662 610 750 ubicumque
627 662 752 727 lemine
772 664 852 743 sint,
876 664 1021 728 invicem
1040 688 1136 729 suam
1155 666 1284 753 pudici-

163 764 243 829 tiam
256 764 461 844 custodiant,
481 788 543 829 nec
560 764 685 829 femine
701 766 811 853 capita
827 788 943 829 eorum
961 767 1075 831 lavent
1089 790 1151 831 nec
1165 769 1281 856 pedes,

161 888 223 931 nec
243 865 370 931 lectum
392 866 529 934 faciant.
558 866 650 931 Deus
671 867 761 930 enim
782 868 840 953 qui
863 861 994 932 habitat
1017 868 1052 931 in
1073 869 1200 933 sanctis
1219 871 1285 935 isto

160 969 261 1033 modo
281 969 450 1034 custodiat
465 992 535 1035 eos.
558 969 682 1034 Amen.

158 1164 192 1230 5.
222 1164 396 1252 [Lesquelz
422 1173 454 1229 et
480 1173 611 1229 coment
633 1165 765 1229 doivent
791 1187 935 1250 aquerre
960 1166 1005 1229 les
1028 1167 1230 1254 aumoneal.
1246 1220 1275 1234 ..

157 1346 192 1415 6.
220 1347 299 1435 [Des
319 1369 479 1413 aumonea
500 1348 652 1433 acquiaes
680 1355 712 1411 et
733 1348 789 1410 dea
808 1347 945 1411 laboura
963 1348 1019 1411 cles
1042 1350 1231 1437 maisonal.
1247 1403 1275 1418 ..

256 1529 287 1595 'l.
319 1528 492 1616 [Leaquelz
510 1537 542 1593 et
556 1553 596 1593 en
614 1530 711 1615 quele
731 1530 878 1594 maniere
893 1531 1025 1594 doivent
1039 1531 1110 1595 aler
1124 1537 1142 1596 a
1157 1533 1188 1596 lo

519 1632 759 1718 predicacion]
772 1684 912 1699 .......

351 1812 383 1879 8.
413 1813 490 1900 [Des
507 1814 587 1877 drea
604 1822 636 1877 et
655 1814 711 1877 deo
728 1814 861 1877 viandes
878 1814 934 1878 des
950 1815 1085 1901 freres]

202 1969 333 2034 Deinde
349 1991 480 2055 pannos
498 1969 725 2055 ysembrunos
745 1976 778 2033 et
796 1969 1056 2056 galambrunos¹
1078 1994 1116 2035 ac
1135 1971 1279 2037 fustania

155 2080 191 2137 et
210 2071 317 2160 pelles
339 2071 514 2136 silvestres
534 2070 672 2134 omnino
691 2070 910 2159 prohibemus
932 2095 974 2136 ne
996 2072 1117 2137 amodo
1140 2074 1281 2138 induant

153 2174 290 2239 fratres.
314 2173 357 2238 Et
377 2196 446 2237 non
466 2175 644 2238 comedant
663 2173 729 2238 nisi
748 2173 799 2238 bis
814 2174 848 2236 in
864 2175 930 2256 die,
955 2182 988 2238 et
1007 2184 1126 2262 quarta
1146 2176 1227 2241 feria
1247 2184 1282 2242 et

153 2275 211 2341 die
229 2275 373 2357 sabbati,
395 2283 429 2341 et
443 2299 462 2340 a
476 2275 725 2363 septuagesima
742 2299 850 2363 usque
870 2277 904 2340 in
919 2276 1059 2358 Pascha,
1077 2301 1194 2343 carnes
1211 2301 1280 2344 non

153 2377 349 2458 comedant,
371 2385 484 2464 preter
502 2400 559 2441 eos
577 2377 729 2463 quisunt
747 2378 871 2442 inlirmi
888 2386 920 2443 et
936 2379 1120 2460 inbecilles,
1139 2385 1173 2444 et
1192 2404 1280 2446 nun-

151 2503 259 2568 quam
280 2479 363 2544 nudi
379 2479 525 2566 jaceant,
556 2479 615 2544 sed
641 2479 757 2544 vestiti
783 2481 931 2544 camisiis
958 2481 1057 2545 lineis
1083 2482 1138 2546 vel
1157 2483 1275 2564 laneis,

151 2590 214 2648 aut
233 2581 309 2647 aliis
328 2581 537 2669 quibuslibet
557 2582 782 2648 vestimentis.

244 2777 277 2844 9.
308 2778 384 2865 [Des
398 2782 507 2862 freres
525 2799 565 2841 en
583 2779 793 2863 fornicacion
812 2780 941 2866 chous]

276 2960 329 3026 10.
360 2959 436 3046 [Dea
452 2963 561 3044 freres
579 2967 716 3036 tencanz
735 2969 766 3025 et
785 2966 903 3046 ferens
922 2962 992 3026 l'un
1011 2963 1157 3050 lautae]

198 3117 272 3181 Aut
291 3116 320 3180 si
344 3114 447 3180 frater
466 3115 647 3181 altercatus
667 3139 744 3181 oum
763 3116 869 3182 altero
892 3117 993 3183 luerit
1015 3119 1128 3198 fratre,
1153 3126 1187 3184 et
1210 3118 1279 3184 cla-

150 3241 283 3283 morem
310 3224 505 3304 procurator
534 3218 654 3282 domus
682 3218 848 3300 habuerit,
873 3221 952 3284 talis
979 3222 1023 3285 sit
1053 3222 1240 3309 penitentia
1267 3243 1274 3288 :

150 3327 286 3408 septem
300 3319 420 3384 diebus
430 3318 561 3406 jejunet
576 3327 694 3407 quarta
711 3329 853 3385 etsexta
869 3321 949 3387 feria
968 3323 1000 3386 in
1016 3346 1103 3409 pane
1123 3330 1156 3388 et
1175 3345 1274 3411 aqua,

149 3423 334 3490 comedens
353 3422 389 3485 in
404 3430 493 3487 terra
510 3422 582 3487 sine
603 3445 717 3487 mensa
733 3431 767 3487 et
783 3425 1007 3511 manutergio.

199 3524 242 3589 Et
265 3523 294 3588 si
318 3523 535 3610 percusserit,
560 3524 795 3611 quadraginta.
818 3526 863 3591 Et
881 3527 910 3590 si
929 3527 1105 3591 recesserit
1123 3551 1142 3593 a
1163 3527 1274 3610 domo,

148 3627 208 3692 vel
240 3649 258 3690 a
286 3625 451 3711 magistro
479 3626 532 3690 cui
559 3627 762 3692 commissus
793 3628 894 3692 fuerit
924 3630 1058 3716 propria
1087 3631 1274 3710 voluntate,

149 3729 225 3793 sine
241 3726 312 3814 ejus
334 3728 521 3808 voluntate,
545 3736 579 3792 et
599 3737 715 3816 postea
736 3753 891 3795 reversus
911 3730 1023 3811 fuerit,
1051 3732 1275 3819 quadraginta

148 3829 272 3894 diebus
293 3830 473 3895 manducet
485 3831 519 3893 in
539 3838 640 3911 terra,
655 3831 813 3919 jejunans
831 3840 949 3920 quarta
970 3842 1003 3899 et
1024 3840 1120 3898 sexta
1138 3833 1220 3898 feria
1240 3835 1274 3899 in

150 3953 240 4019 pane
259 3938 292 3995 et
320 3955 418 4019 aqua,
450 3941 485 3996 et
511 3956 570 4019 per
595 3941 727 3998 tantum
754 3943 889 4022 tempus
920 3944 1116 4022 permaneat
1140 3937 1174 4000 in
1201 3935 1275 4001 loco

186 4209 208 4251 1.
227 4204 318 4253 Sortes
340 4204 462 4254 d'etolres
476 4222 527 4268 que
545 4207 679 4268 plusieurs
702 4208 786 4270 regios
806 4211 961 4272 religicuses
978 4210 1150 4273 proscrivent
1170 4226 1273 4259 comme

155 4269 217 4327 trop
230 4266 295 4315 sines
308 4271 336 4316 et
346 4271 409 4330 trop
421 4269 574 4317 luxueuses.
589 4270 659 4332 Voy.
675 4270 718 4318 Du
735 4272 832 4332 Gange,
846 4287 879 4320 au
894 4276 950 4321 mot
964 4272 1148 4322 Galabrunus.
