2864 4964
490 384 690 431 sarar-meme
717 385 758 430 on
782 372 940 430 Leonteus
1209 362 1282 430 239-

150 506 343 590 oaritatem,
361 509 576 573 dilectionem
596 515 629 573 et
652 507 867 573 concordiam
890 508 978 573 inter
1004 530 1039 572 se
1068 506 1214 572 habeant
1242 515 1276 574 et

149 611 333 677 intendant
351 611 438 676 bone
461 610 698 696 gubernationi
718 611 850 677 domus.

198 715 230 781 2.
258 714 345 779 Item
360 714 451 802 quod
470 714 583 778 omnia
605 713 806 803 pertinentia
826 713 868 777 ad
888 713 1013 778 dictam
1038 713 1178 778 domum
1199 738 1277 779 con-

151 822 290 883 servent
304 823 338 882 et
348 823 603 900 manuteneant,
616 839 677 904 pro
689 838 802 903 posse,
814 817 849 879 in
860 823 951 881 statu
966 814 1054 880 bono
1070 821 1104 881 et
1113 839 1274 903 congruo,

197 919 230 986 3.
258 919 344 984 Item
359 918 450 1007 quod
471 927 614 984 caveant
634 918 752 983 sibiet
772 919 888 983 domui
906 918 948 983 ab
967 917 1139 1000 oneribus,
1162 942 1278 984 exces-

151 1023 248 1087 sibus
265 1030 299 1088 et
309 1022 467 1109 expensis
478 1021 672 1110 superfluis,
685 1029 730 1104 et,
747 1027 849 1110 prout
864 1021 972 1104 decet,
988 1021 1100 1087 sobrie
1115 1030 1148 1088 et
1166 1023 1278 1111 quiete

154 1125 285 1191 vivant.

199 1227 231 1294 I.
260 1228 347 1293 Item
365 1227 457 1314 quod
475 1226 607 1292 infirma
629 1250 696 1291 non
716 1226 908 1316 frequentet
926 1227 1065 1292 domum
1080 1252 1142 1293 nec
1161 1251 1278 1316 perso-

155 1354 217 1396 nas
241 1353 342 1395 sanas
360 1329 589 1395 inhabitantes
604 1353 694 1412 eam,
715 1353 776 1396 nec
796 1331 1064 1417 transgrediatur
1078 1331 1162 1396 fines
1184 1355 1276 1413 suos,

156 1438 216 1503 sed
235 1444 350 1503 teneat
365 1460 401 1502 se
423 1436 512 1502 intra
536 1438 728 1502 clausuram
745 1461 853 1520 suam,
876 1461 944 1502 non
961 1438 1117 1525 vagando
1132 1462 1195 1504 nec
1210 1439 1280 1503 Ius-

156 1540 278 1606 trando
293 1547 430 1605 terram.

202 1643 234 1709 5.
261 1644 344 1710 Jura
366 1651 480 1708 autem
505 1666 566 1707 sua
593 1650 765 1724 consueta,
790 1651 892 1732 prout
913 1644 1048 1726 dicitur,
1077 1651 1158 1709 sunt
1183 1644 1277 1709 ista:

156 1746 237 1835 quia
252 1744 354 1811 debet
375 1744 499 1810 habere
519 1746 664 1833 singulis
686 1746 885 1834 septimanis
906 1770 1029 1834 panem
1053 1746 1224 1811 triticeum
1238 1746 1281 1811 ad

155 1849 309 1914 valorem
331 1848 433 1913 unius
454 1846 593 1913 bosselli
617 1848 721 1930 bladi,
748 1849 844 1937 cujus
872 1873 1004 1914 summa
1037 1856 1089 1914 est
1116 1873 1178 1937 pro
1209 1856 1280 1914 toto

154 1975 244 2018 anno
260 1972 343 2018 xxvl
361 1949 498 2034 bicheti‚
520 1974 607 2037 quos
626 1950 763 2016 habebit
787 1953 830 2016 ad
851 1951 1040 2017 faciendam
1068 1951 1281 2017 voluntatem

157 2078 266 2122 suam.

201 2157 288 2223 Item
305 2155 406 2221 dehet
420 2155 543 2221 habere
562 2178 595 2221 111
615 2157 776 2245 chopinas
797 2158 868 2222 vini
888 2160 929 2223 de
950 2166 1119 2224 conventu
1137 2157 1281 2244 singulis

158 2259 289 2326 diebus

203 2363 290 2428 Item
305 2369 461 2449 quartam
479 2368 610 2449 partem
626 2362 728 2428 unius
748 2364 841 2451 porci
861 2363 989 2429 salsati.

203 2466 291 2532 Item
307 2488 368 2554 pro
383 2463 544 2552 pietantia
570 2466 756 2550 annuatim,
778 2474 930 2553 tempore
943 2490 1104 2553 congruo,
1124 2488 1182 2532 xvr
1201 2464 1282 2532 soli-

166 2565 221 2634 dos
234 2589 293 2636 v111
312 2566 467 2632 denarios
482 2575 683 2633 turonenses
699 2576 732 2633 et
744 2592 846 2634 unam
862 2578 990 2635 vestem
1010 2578 1044 2635 et
1062 2569 1283 2635 calciamenta

169 2693 233 2738 sua.

208 2773 276 2840 Ista
291 2773 404 2839 omnia
420 2773 554 2855 habeat,
572 2797 614 2839 ne
629 2774 738 2864 possit
755 2776 916 2863 conqueri
937 2777 996 2841 sed
1010 2776 1125 2865 potius
1141 2783 1281 2841 conten-

174 2877 239 2944 tari.
