2828 4956
401 450 628 497 sarar-namna
650 449 692 495 aa
713 448 823 495 uranx
1116 425 1179 493 189

108 577 188 642 Item
201 597 224 641 11
234 597 374 663 nappes,
390 596 413 639 11
431 572 589 639 touailles
600 594 704 659 grans
722 576 755 637 et
769 593 792 637 11
806 571 941 660 petitos,
958 579 993 637 et
1006 594 1053 638 un
1066 571 1177 658 hanap

73 676 104 743 de
120 677 234 743 madre
253 684 288 743 et
309 699 343 743 vr
367 675 516 743 cuilliers
536 675 577 741 de
597 674 702 741 laton.

105 781 147 846 Et
171 780 310 846 doivent
332 785 421 845 estre
447 785 566 844 vestus
588 777 666 843 bien
697 783 731 843 et
755 776 1001 842 suffisamment
1020 776 1061 842 de
1090 777 1180 841 leurs

67 882 160 970 draps
178 882 221 947 de
237 881 339 948 siecle
356 887 391 947 et
411 880 551 947 doivent
569 879 665 945 avoir
680 878 721 944 lit
736 877 848 946 fourni
861 900 947 968 pour
959 878 1050 945 leurs
1064 878 1180 944 cham-

64 984 217 1054 beritres.

59 1221 94 1266 GE
127 1219 206 1265 sont
243 1219 274 1263 u
300 1217 443 1263 SERMENT
465 1216 529 1270 Qus
552 1216 632 1262 SONT
660 1217 761 1261 TENUS
795 1215 887 1261 mma
916 1216 945 1260 LI
968 1215 1112 1261 nussam
1140 1217 1180 1260 DE

543 1326 570 1370 8.
597 1323 701 1368 LADRE

103 1489 122 1554 J
125 1510 154 1570 e,
177 1486 269 1568 N***,
286 1486 396 1551 donne
411 1492 446 1552 et
464 1507 542 1551 rens
554 1508 645 1573 moy,
661 1493 697 1551 et
714 1484 765 1550 les
783 1483 880 1550 biens
898 1508 963 1572 que
974 1484 1045 1572 j'ay
1059 1507 1181 1573 appor-

58 1598 110 1656 tez
129 1613 211 1656 avec
226 1612 317 1676 moy,
339 1588 484 1654 al'ostel
500 1595 534 1653 et
548 1587 728 1653 maladerie
747 1587 789 1653 de
811 1611 922 1667 conns,
947 1594 982 1653 et
1002 1593 1182 1653 renuncea

58 1700 154 1758 toute
167 1691 338 1781 propriete
350 1689 508 1774 d'iceulx,
520 1697 554 1757 et
564 1690 817 1780 quelxconques
830 1698 944 1755 autres
953 1713 1018 1777 que
1031 1713 1073 1777 cy
1085 1694 1183 1777 apres

58 1818 184 1883 porray
207 1794 313 1877 avoir,
338 1800 412 1859 tant
435 1791 651 1858 d'aumosnes
671 1815 737 1879 que
760 1815 821 1880 par
847 1814 926 1856 mon
955 1791 1121 1857 industrie
1150 1796 1184 1855 et

59 1903 264 1976 autrement‚
282 1897 349 1961 soit
367 1894 503 1960 meuble
520 1918 564 1960 ou
579 1917 646 1959 non
662 1893 809 1960 meuble.
833 1894 918 1960 ltem
934 1901 968 1959 et
987 1895 1015 1958 si
1035 1900 1184 1984 prometz

58 2006 156 2066 toute
175 1999 371 2064 obeissance
386 2005 420 2063 et
434 1996 571 2085 loyaute
586 2020 629 2063 au
648 1998 786 2062 maistre
802 1996 844 2061 dc
863 1996 968 2062 ladite
988 1997 1182 2077 maladerie‚

59 2103 121 2189 luy
134 2108 250 2189 parter
263 2122 455 2181 reverence,
472 2099 594 2187 garder
611 2101 647 2186 ly
674 2099 831 2164 honneur
850 2106 884 2164 et
909 2099 1010 2188 profit
1033 2099 1075 2164 de
1097 2099 1132 2186 ly
1152 2105 1186 2163 et

59 2203 160 2269 dudit
184 2201 308 2284 hostel,
326 2209 360 2269 et
373 2203 468 2267 vivre
488 2225 548 2288 par
563 2209 597 2267 et
620 2201 762 2267 dessouz
778 2201 808 2265 la
830 2201 914 2287 rigle
939 2209 972 2266 et
997 2201 1185 2266 ordenance

59 2306 161 2372 d'icel
175 2305 300 2372 hostel.
317 2304 428 2393 Ainsy
441 2306 472 2369 le
483 2302 572 2390 jure,
594 2311 629 2370 et
647 2304 734 2369 ainsi
750 2303 858 2369 Dieux
881 2327 934 2369 me
954 2304 1020 2369 soit
1039 2327 1080 2368 en
1100 2303 1186 2391 ayde

59 2432 106 2475 en
120 2432 219 2496 corps
234 2414 269 2474 et
287 2431 375 2476 ame.
392 2408 517 2473 Amen.

60 2639 321 2698 saccas-vanam
344 2650 386 2695 nn
408 2638 579 2694 nncnnnou
604 2649 645 2693 na
667 2638 821 2708 sarasan,
844 2648 884 2694 ou
911 2649 966 2693 nsr
985 2636 1188 2695 unnrronnsn

318 2758 359 2806 ιι
382 2756 521 2802 sacrans
549 2757 607 2801 aas
630 2756 762 2800 sacrans
785 2735 940 2801 ιἰιιιιιιι1

486 2929 526 2995 ιι
542 2930 657 3018 juillet
672 2930 769 2996 1503.

111 3100 290 3167 Universis
304 3105 478 3188 presentes
494 3098 624 3164 litteras
640 3098 843 3186 inspecturis
859 3096 1021 3164 Officialis
1036 3098 1190 3164 Melden-

63 3205 113 3270 sis
146 3203 294 3268 salutem
324 3202 359 3266 in
385 3201 542 3267 Domina.
580 3202 707 3266 Notum
735 3201 877 3266 facimus
906 3201 999 3288 quod
1030 3200 1084 3266 die
1110 3202 1188 3267 date
1275 3241 1278 3249 ·

63 3306 289 3395 presentium,
298 3304 333 3369 in
340 3304 456 3369 dilecti
467 3303 574 3368 nostri
586 3303 714 3367 domini
725 3305 742 3369 J
746 3304 892 3368 ohannis
904 3303 1084 3384 Membret,
1095 3327 1188 3391 pres-

64 3408 179 3490 biteri,
202 3408 294 3473 curie
314 3412 428 3472 nostre
440 3406 557 3493 jurati,
576 3405 783 3493 testiumque
801 3405 1092 3493 infrascriptarum
1115 3429 1191 3494 pre-

65 3511 192 3592 sencia,
210 3511 375 3575 honestus
395 3509 447 3572 vir
463 3509 584 3573 Petrus
597 3508 643 3572 Le
659 3508 848 3589 Tonnelier,
869 3508 1037 3595 leprosus,
1060 3509 1101 3573 ad
1114 3531 1192 3595 per-

66 3635 188 3680 sonam
208 3611 411 3677 venerabilis
426 3611 490 3675 viri
511 3610 664 3696 magistri
682 3611 846 3675 iohannis
860 3611 900 3674 de
917 3611 1045 3696 Poney‚
1063 3610 1194 3698 presbi-

66 3716 145 3798 teri,
167 3714 453 3780 administratoris
473 3712 613 3777 ecclesie
629 3713 818 3802 domusque
837 3719 870 3777 et
882 3712 1064 3800 leprosarie
1080 3713 1195 3778 Sancti

68 3817 187 3883 Lazari
205 3840 311 3904 prope
328 3815 464 3900 Meldis,
488 3822 565 3880 ante
586 3815 704 3879 valvas
723 3816 863 3880 ecclesie
886 3839 945 3880 seu
961 3815 1088 3903 capelle
1104 3816 1195 3904 ejus-

69 3919 151 3985 dem
165 3919 233 3984 loci
246 3919 436 4000 existentis,
454 3917 628 3998 accedens,
646 3918 824 4005 requisivit
839 3918 966 3983 dictum
982 3919 1195 3983 administra-

69 4029 182 4087 torem
196 4022 370 4110 quatinus,
385 4021 420 4085 in
434 4021 504 4084 vim
518 4019 708 4084 litterarum
718 4028 910 4086 nostrarum
926 4021 1050 4110 quibus
1065 4020 1195 4084 dictum

102 4283 127 4328 1.
147 4279 228 4328 arcu.
242 4258 369 4343 seipas.
383 4278 417 4327 ae
427 4277 535 4341 neaux,
548 4276 581 4338 11,
595 4276 650 4325 ar.
