2828 4956
437 379 627 436 manassem
651 391 690 434 uu
715 388 824 435 anives
1128 369 1187 433 211

109 510 165 576 22.
184 510 220 576 Si
234 510 312 598 quis
325 510 414 577 ultra
426 511 513 578 duos
525 518 647 601 pontes
660 512 669 555 ¹
687 510 741 575 vel
756 511 900 576 alterum
915 534 1031 576 eorum
1049 513 1194 577 transire

62 611 225 692 voluerit,
239 620 333 700 petat
349 613 551 680 licentiama
571 614 735 701 magistro
748 613 802 678 vel
818 614 929 678 locum
948 613 1021 701 ejus
1036 621 1191 695 tenente;

63 713 153 778 infra
179 736 260 780 vero
287 715 439 803 spacium
467 716 664 782 corumdem
689 716 842 803 pontium
868 715 968 781 liccat
992 717 1040 781 eis
1067 716 1194 806 absque

63 816 204 904 speciali
217 816 371 904 magistri
386 818 521 884 licentia
542 819 698 907 spaciari,
721 840 788 882 non
802 826 916 883 tamen
929 827 1046 883 eontra
1057 842 1195 906 expres·

65 941 140 982 sam
160 917 398 985 inhibitionem
416 920 537 1008 ipsius.
732 915 737 924 ’

112 1020 167 1088 23.
194 1021 278 1086 Post
299 1024 557 1111 completorium
578 1046 698 1088 omnes
719 1023 833 1100 simul,
857 1030 945 1088 certa
966 1024 1047 1088 hora
1069 1031 1193 1090 statuta

66 1123 123 1187 vel
135 1123 314 1188 statuenda
332 1147 350 1189 a
368 1125 543 1211 magistro,
561 1125 689 1190 intrent
708 1124 943 1191 dormitorium
964 1148 1005 1190 ne
1021 1125 1196 1213 contingat

66 1225 272 1312 posteriores
286 1227 436 1314 quietem
454 1227 606 1316 priorum
623 1225 770 1292 turbare.

113 1326 168 1393 24.
204 1328 248 1393 Et
282 1328 442 1416 quoniam
473 1328 756 1419 quandocumque
789 1329 847 1416 qui
880 1328 1094 1416 preferuntur
1119 1329 1195 1417 plus

68 1452 204 1517 preesse
232 1438 397 1518 appetunt
422 1454 523 1521 quam
540 1430 715 1520 prodesse,
735 1431 893 1496 volumus
918 1455 1037 1496 causas
1054 1431 1196 1519 exprimi

70 1531 192 1619 quibus
206 1532 364 1598 omnibus
379 1540 438 1598 aut
452 1556 567 1599 earum
584 1533 689 1598 altera
702 1533 744 1598 ab
764 1533 1057 1598 administratione
1074 1533 1197 1619 magis-

70 1640 120 1698 ter
135 1633 261 1722 poterit
277 1636 428 1700 amoveri
445 1655 453 1701 :
473 1635 631 1701 videlicet
649 1637 678 1700 si
699 1659 766 1700 non
782 1636 904 1724 poterit
922 1643 1059 1723 propter
1077 1659 1196 1723 eorpo-

71 1735 115 1800 ris
144 1734 402 1824 impotenciam,
432 1737 489 1803 vel
518 1738 676 1803 nescierit
704 1746 841 1827 propter
868 1738 1099 1824 ignoranciam
1132 1761 1197 1825 que

71 1837 134 1902 sibi
154 1839 334 1904 commissa
357 1845 437 1904 sunt
463 1840 595 1927 exequi,
615 1841 669 1905 vel
694 1841 723 1905 si
742 1840 944 1927 dilapidator
965 1840 1114 1905 extiterit
1142 1838 1197 1904 vel

71 1939 137 2005 vite
152 1938 255 2006 fuerit
274 1941 464 2009 inhoneste.

113 2042 167 2108 25.
195 2041 293 2109 Circa
328 2051 594 2131 transgressores
616 2068 695 2108 vero
721 2045 975 2132 premissorum,
1002 2045 1056 2108 vel
1081 2068 1198 2109 eorum

72 2142 197 2232 aliquid
221 2145 258 2208 in
279 2146 489 2233 corrigenda,
511 2146 742 2212 subtrahendo
767 2146 830 2210 sibi
853 2170 970 2211 carnes
993 2147 1046 2211 vel
1064 2147 1194 2227 vinum,

72 2246 123 2310 vel
140 2245 253 2311 dando
265 2246 495 2337 disciplinam,
518 2249 573 2314 vel
589 2250 657 2314 tale
676 2249 758 2337 quid
778 2249 888 2314 simile
905 2272 974 2313 uno
992 2248 1046 2314 vel
1064 2248 1197 2313 duobus

72 2348 123 2412 rel
135 2347 292 2435 pluribus
306 2350 437 2431 diebus,
460 2350 489 2415 si
513 2372 673 2416 excessus
693 2351 865 2438 quantitas
886 2350 939 2415 vel
965 2349 1197 2415 inobediendia

74 2450 233 2538 exegerit,
250 2450 471 2540 injungendo,
491 2454 653 2540 magister
670 2453 783 2517 taliter
803 2453 995 2517 moderetur
1011 2475 1071 2517 sue
1084 2453 1197 2539 provi-

74 2552 176 2617 sionis
210 2553 387 2620 arbitrium
417 2555 508 2642 quod
538 2554 807 2642 transgrediendi
845 2562 1008 2620 terrorem
1037 2554 1194 2634 incuciat,

74 2676 248 2720 excessum
267 2657 546 2743 transgressionis
566 2657 690 2745 expiet,
713 2681 780 2722 non
802 2657 949 2744 rigorem
969 2657 1080 2746 sopiat
1096 2657 1198 2721 ultio-

74 2757 123 2822 nis
146 2780 208 2844 per
234 2781 336 2845 quam
359 2767 475 2846 posset
498 2759 623 2824 offendi
648 2760 820 2844 corrigens
840 2767 874 2825 et
898 2766 1080 2825 correctus.
1104 2759 1146 2824 Et
1170 2759 1197 2823 si

74 2859 235 2925 remissus
256 2859 358 2926 fuerit
383 2861 419 2926 in
440 2861 580 2943 eisdem,
598 2862 658 2927 tali
680 2884 765 2948 pene
788 2861 1002 2926 subdendum
1029 2884 1065 2926 se
1094 2884 1198 2927 nove-

72 2961 128 3041 rit,
150 2984 218 3049 que
240 2960 305 3026 sibi
327 2970 361 3027 et
381 2963 457 3028 aliis
480 2963 605 3030 similia
626 2963 829 3029 facientibus
854 2969 1004 3028 transeat
1028 2963 1061 3027 in
1084 2986 1199 3028 exem-

72 3067 179 3155 plum.

113 3168 169 3237 26.
197 3169 438 3250 Sacerdot'em2
476 3172 623 3238 habeant
656 3172 780 3237 saltem
821 3195 929 3237 unum
963 3173 1022 3259 qui
1052 3171 1136 3236 sciat
1166 3178 1200 3235 et

71 3273 185 3338 valeat
195 3272 374 3338 animabus
389 3297 506 3339 eorum
521 3274 709 3354 consulere,
724 3281 858 3363 recepta
873 3275 966 3361 prius
977 3297 1056 3339 cura
1073 3273 1200 3338 anima-

72 3397 146 3439 rum
168 3375 321 3463 ipsorum
338 3376 380 3442 de
397 3399 501 3442 manu
519 3384 636 3442 nostra
658 3377 714 3442 vel
737 3400 972 3442 successorum
991 3383 1196 3442 nostrorum.

73 3475 115 3542 Et
135 3476 165 3542 si
182 3477 321 3566 quidem
340 3485 538 3545 extraneum
561 3479 770 3545 sacerdotem
788 3479 981 3560 habuerint,
996 3479 1200 3543 conveniant

73 3579 188 3644 taliter
211 3602 289 3645 cum
318 3582 453 3663 eodem,
476 3581 616 3647 honesta
638 3583 863 3647 conventione
889 3587 923 3647 et
948 3581 1051 3661 licita,
1082 3586 1122 3645 ut
1142 3603 1200 3646 eos

75 3679 245 3746 dimittere
258 3690 396 3771 propter
409 3683 560 3772 inopiam
578 3705 647 3748 non
660 3690 812 3771 cogatur.
875 3667 880 3676 ¹

117 3782 155 3848 Si
175 3806 257 3849 vero
279 3784 442 3851 donatum
458 3786 633 3874 proprium
651 3786 861 3851 sacerdotem
880 3786 1062 3851 habuerint
1081 3784 1139 3872 qui
1156 3785 1201 3850 sit

104 4018 127 4062 1.
145 4013 182 4062 Le
196 4015 314 4076 premier
328 4015 433 4065 dditeur
446 4016 597 4066 determine
613 4016 829 4080 l'emptacement
844 4019 933 4067 doces
947 4020 1028 4081 ponts
1041 4016 1096 4126 qui,
1115 4015 1200 4064 situes

77 4091 120 4124 sur
136 4076 162 4124 la
179 4075 267 4135 Loire,
285 4080 525 4142 correspondaient
544 4080 558 4128 a
577 4079 649 4127 deux
665 4081 758 4128 routes
774 4083 886 4142 partant
905 4081 941 4129 du
962 4080 1030 4142 Puy,
1060 4079 1119 4125 'une
1140 4091 1201 4124 vers

76 4136 201 4197 valence,
212 4138 308 4189 l¹autre
321 4155 383 4189 vers
396 4141 501 4190 Vienna
514 4144 541 4190 et
556 4141 642 4203 Lyon.

105 4204 128 4248 t.
147 4198 182 4248 Le
196 4203 269 4250 texte
281 4201 406 4265 imprime
419 4207 498 4265 porte
511 4218 561 4265 par
571 4216 664 4251 erreur
676 4203 839 4252 sacerdotes.
