2828 4956
516 386 704 440 nuennsrnn:
729 398 768 440 ne
792 397 902 441 narres
1206 377 1270 441 209

191 519 245 584 12.
274 518 312 582 ln
326 516 583 606 quadragesima
600 525 635 582 et
649 517 789 606 jejuniis
808 526 955 606 quatuor
973 527 1162 607 temporum
1182 526 1216 583 et
1234 519 1270 583 in

141 621 272 708 vigiliis
290 621 516 686 festivitatum
535 644 601 709 quc
621 628 870 686 consueverunt
893 621 1118 687 communiter
1141 621 1212 685 lieri
1234 622 1267 685 in

142 723 281 810 dyocesi
303 723 476 788 Aniciensi
497 723 667 811 jejunent,
696 723 761 786 nisi
785 747 911 809 urgens
936 724 1120 789 necessitas
1143 747 1201 788 eos
1223 724 1267 789 ad

144 826 352 891 contrarium
367 825 558 891 laciendum
573 825 721 891 inducat.

193 928 246 995 13.
273 928 363 993 Aliis
382 935 495 993 autem
514 926 634 992 diebus
656 928 849 993 reficiantur
866 928 1017 993 ordinate
1035 928 1087 992 bis
1107 929 1142 992 in
1162 928 1216 993 die
1236 936 1270 993 et

146 1032 276 1112 dicant,
308 1038 386 1096 ante
415 1030 655 1096 comestionem
685 1038 718 1095 et
747 1038 841 1117 post,
868 1031 971 1096 Pater
1000 1042 1113 1096 nourr
1141 1038 1174 1095 et
1204 1031 1271 1095 Ave

148 1135 275 1200 Maria.

196 1235 249 1302 11.
276 1235 386 1300 Terin
402 1258 490 1300 anno
504 1235 547 1299 ad
563 1235 675 1299 lirinus
690 1237 925 1312 conliteantur,
941 1236 1069 1301 scilicet
1083 1237 1117 1300 in
1129 1236 1272 1323 quadra-

150 1339 279 1425 gesima
302 1345 379 1403 ante
400 1337 542 1416 Pascha,
565 1337 607 1400 ad
630 1337 889 1402 l'entheeostern
910 1346 944 1403 et
967 1339 1001 1401 in
1023 1338 1172 1403 adventu
1194 1345 1271 1402 ante

152 1440 273 1506 Natale
301 1439 453 1521 Domini,
484 1446 517 1504 et
542 1439 791 1504 communicent
818 1441 945 1505 eisdem
971 1440 1179 1528 temporibus
1208 1439 1272 1504 nisi

153 1542 277 1608 suerint
291 1565 392 1607 causa
408 1541 559 1628 legitima
575 1541 741 1629 impediti.

198 1645 251 1712 15.
280 1645 318 1709 ln
327 1644 496 1731 precipuis
507 1643 747 1708 festivitatibus
758 1653 898 1731 surgant
908 1647 966 1731 qui
978 1654 1136 1733 poterunt
1147 1645 1273 1733 absque

155 1771 276 1834 magno
297 1747 493 1835 gravamine
514 1745 556 1810 ad
576 1745 777 1825 matutinas,
801 1755 834 1811 ct
856 1748 1006 1834 qualibet
1027 1749 1080 1812 die
1100 1748 1157 1835 qui
1178 1754 1273 1834 pote-

155 1857 232 1916 runt
248 1849 387 1915 audiant
403 1871 507 1914 unam
524 1848 674 1914 missam.

199 1952 252 2020 16.
280 1952 409 2016 Infirmi
428 1951 533 2016 altare
551 1950 605 2014 vel
621 1973 686 2037 que
707 1959 787 2015 sunt
805 1952 838 2015 in
856 1952 954 2017 altari
969 1960 1148 2017 attractare
1166 1951 1274 2016 mani-

157 2054 217 2121 bus
239 2078 309 2120 non
331 2061 545 2142 presumant,
569 2076 631 2117 nec
660 2054 783 2117 intmre
808 2055 994 2119 cancellos¹
1022 2078 1099 2118 cum
1123 2053 1271 2131 clericis,

159 2158 212 2223 sed
230 2157 400 2223 orationes
415 2179 494 2221 suas
514 2162 608 2220 extra
628 2156 795 2220 cancellos
813 2156 927 2221 dicant
944 2164 1137 2222 reverenter
1151 2157 1276 2244 pariter

160 2282 192 2324 ac
209 2259 347 2340 devote,
367 2258 432 2323 nisi
452 2281 509 2322 eos
526 2259 775 2322 communicare
793 2259 978 2344 contingat.

200 2362 254 2430 17.
281 2361 327 2426 Et
352 2383 394 2425 ne
420 2359 505 2425 forte
530 2361 704 2446 contingat
726 2383 827 2424 sanos
853 2361 998 2425 aliorum
1025 2361 1275 2449 propinquitate

161 2463 257 2544 inlici,
278 2463 437 2527 volumus
452 2462 541 2549 quod
559 2463 593 2526 in
611 2463 670 2527 illo
687 2460 861 2525 refectorio
879 2471 912 2527 et
931 2464 965 2527 in
986 2463 1044 2526 illo
1064 2463 1273 2543 dormitorio,

162 2589 221 2654 que
245 2565 382 2630 luerunt
405 2565 448 2629 ab
472 2565 611 2651 antiquo
637 2565 828 2628 dernarcata
851 2564 1009 2647 inlirrnis,
1041 2565 1131 2630 idem
1153 2564 1277 2629 infirmi

162 2676 307 2749 utantur,
323 2689 384 2732 nec
397 2689 556 2732 sanorum
572 2689 609 2731 se
627 2667 838 2731 immisceant
854 2668 1026 2755 ollleilnlis
1036 2669 1060 2748 l,
1077 2691 1137 2732 nec
1149 2667 1278 2757 passim

162 2770 351 2836 discurrant
376 2793 437 2857 per
461 2792 535 2850 eas,
567 2791 628 2833 nec
655 2770 834 2856 coquinam
866 2770 992 2835 intrent
1020 2769 1126 2835 donec
1155 2768 1278 2834 fuerint

162 2873 282 2939 cibaria
306 2871 502 2952 distributa,
532 2870 602 2935 sint
628 2871 751 2934 inllrmi
773 2871 814 2934 de
837 2871 937 2935 domo
960 2880 1019 2937 aut
1042 2872 1278 2958 undecumque

162 2976 334 3061 contingat
352 2997 410 3038 eos
427 2973 474 3037 ibi
493 2973 628 3037 aliunde
645 2973 811 3038 divertere
826 2997 1037 3062 quacumque
1058 2974 1099 3039 de
1119 2997 1231 3039 causa.

202 3078 257 3144 18.
284 3077 321 3142 Si
347 3077 388 3141 de
412 3075 590 3140 libratione
601 3078 613 3117 ³
643 3100 702 3140 sua
732 3076 935 3162 superfuerit
963 3101 1023 3164 per
1049 3076 1139 3142 diem
1161 3075 1215 3141 vel
1244 3075 1278 3138 in

160 3178 346 3246 ebdomada
372 3178 505 3242 intirmo
530 3178 584 3242 vel
614 3201 712 3256 sano,
742 3201 809 3241 non
836 3187 951 3265 posset
977 3180 1062 3244 illud
1088 3179 1277 3258 residuum,

160 3282 287 3371 absque
300 3280 452 3368 magistri
465 3281 518 3345 vel
530 3281 694 3345 cellararii
705 3280 855 3362 licencia,
867 3282 901 3345 in
913 3282 996 3346 alios
1006 3305 1088 3347 usus
1099 3281 1280 3346 transferre

161 3385 269 3451 sedin
287 3383 529 3448 communitate
545 3383 671 3448 cellarii
687 3383 877 3449 reducatur.

204 3485 258 3552 19.
286 3486 330 3550 Et
346 3485 507 3572 quoniam
526 3485 684 3549 ociositas
704 3493 774 3549 tam
789 3509 849 3573 per
863 3485 1085 3573 philosophos
1102 3509 1204 3574 quam
1221 3507 1282 3575 per

162 3597 355 3655 sanctorum
382 3587 566 3675 scripturas
593 3588 889 3653 vehementissime
911 3588 1121 3677 reprobatur,
1142 3595 1281 3677 propter

193 3857 214 3900 1.
234 3849 334 3900 Grilles
346 3850 383 3897 dn
395 3850 496 3898 choeur.

193 3920 215 3963 2.
235 3913 272 3961 Le
286 3914 361 3961 texte
378 3912 411 3960 de
426 3910 547 3959 l'edition
560 3913 637 3973 porte
652 3908 761 3972 officiis,
776 3912 843 3959 nmis
859 3912 876 3958 il
892 3912 950 3960 saut
965 3912 1146 3962 dvidemment
1164 3913 1282 3976 corrigar

166 3991 268 4024 comme
283 3989 352 4022 nous
369 3974 394 4022 lc
408 3975 517 4022 faisons.
533 3975 592 4022 Non
606 3975 755 4021 seulement
768 3988 801 4020 en
814 3974 877 4022 ellat
895 3975 1014 4036 officinis
1032 3979 1073 4023 cst
1090 3975 1184 4038 appele
1197 3990 1246 4046 par
1257 3976 1281 4022 le

166 4053 224 4088 sens
238 4040 266 4086 et
278 4051 307 4086 se
320 4038 447 4085 retrouve
463 4037 530 4084 dans
547 4036 594 4084 des
607 4036 716 4084 articles
731 4036 876 4098 analogucs
892 4037 1009 4086 d'autres
1025 4041 1138 4097 statuts,
1156 4052 1222 4084 mais
1238 4051 1282 4083 eas

167 4102 246 4164 quise
257 4104 354 4148 trouve
364 4101 425 4160 plus
438 4099 493 4148 loin
506 4103 611 4146 mentre
624 4097 687 4160 qn'il
701 4098 777 4159 sagit
790 4098 852 4146 d'nn
862 4100 1009 4148 snbstantis
1020 4100 1138 4161 seminia.

195 4168 217 4212 3.
237 4162 377 4210 Livraison
391 4177 426 4209 ou
440 4182 451 4204 κ
465 4161 547 4209 livrc'e
560 4181 571 4203 n
588 4175 592 4207 :
607 4161 798 4208 ‹listributions
812 4176 844 4209 en
857 4167 952 4211 nature
963 4164 1041 4210 laites
1054 4163 1182 4209 aclracun
1195 4176 1243 4224 pur
1256 4160 1280 4207 la

163 4225 278 4275 maison.

230 4315 256 4355 L.
272 4313 301 4353 tr
315 4313 396 4354 omn.
410 4333 427 4343 -
441 4313 532 4355 Statum
551 4310 735 4356 dilatala-Dira.
1193 4315 1216 4353 lt
