2864 4964
438 425 479 468 nn
503 423 728 470 nosrrrnnrnus
752 424 920 468 rnuruaru
1220 406 1239 468 5

162 547 369 635 Hujusmodi
401 554 516 610 autem
554 545 725 630 corruptio
762 545 921 632 pestifera
959 554 993 612 et
1030 546 1239 611 detestabilis

107 649 283 738 ypocrisis
307 671 376 712 non
403 671 521 711 omnes
545 645 766 733 hospitalium
793 647 913 711 domos
934 649 1122 736 occupavit.
1148 647 1239 725 Que-

108 755 196 819 dam
229 752 320 816 enim
353 756 434 816 sunt
466 749 639 835 regulares
665 750 945 835 congregationes
977 759 1011 815 et
1036 750 1239 838 principales

109 862 316 936 conventus
337 876 398 918 seu
424 852 581 940 capitalia
608 851 800 937 hospitalia,
820 851 855 914 in
879 853 1003 938 quibus
1024 877 1092 917 non
1115 853 1239 917 desinit

64 956 67 961 ’
110 959 229 1024 fervor
245 955 432 1035 charitatis,
452 954 567 1019 unctio
585 952 734 1039 pietatis,
755 953 944 1019 honestatis
961 955 1071 1036 decor,
1091 962 1125 1019 et
1142 977 1239 1018 seve-

110 1062 197 1125 ritas
225 1058 404 1144 discipline
433 1076 440 1122 :
477 1055 763 1144 quemadmodum
799 1063 878 1120 sunt
911 1057 1091 1144 hospitalia
1124 1057 1238 1122 Sancti

111 1163 263 1250 Spiritus
281 1161 316 1225 in
336 1160 489 1224 Romana
506 1158 596 1225 Urbe
614 1156 652 1222 et¹
666 1158 780 1223 Sancti
798 1157 971 1222 Samsonis
988 1160 1023 1222 in
1042 1159 1238 1224 Constanti-

110 1263 311 1353 nopolitana
329 1263 478 1342 civitate,
492 1267 526 1324 et
537 1260 632 1325 Beati
650 1260 792 1324 Antonii
805 1260 840 1323 in
852 1260 926 1347 ipso
940 1261 1048 1349 capite
1060 1262 1082 1342 ¹,
1107 1269 1141 1325 et
1157 1262 1238 1327 hos-

109 1367 218 1455 pitale
236 1366 338 1430 Beate
350 1364 457 1428 Marie
468 1362 680 1427 Runcivallis
697 1362 732 1425 in
749 1363 891 1427 introitu
909 1364 1104 1451 Hispanie‘2‚
1125 1372 1158 1429 et
1172 1364 1236 1428 alia

111 1469 262 1558 quedam
281 1467 351 1530 Deo
377 1473 486 1551 grata,
506 1472 539 1528 et
564 1464 771 1552 pauperihus
796 1466 983 1552 peregrinis
1010 1490 1069 1531 seu
1096 1466 1238 1546 infirmis

111 1571 214 1637 valde
241 1567 440 1633 necessaria.
467 1567 619 1631 Parisius
645 1573 758 1630 autem
785 1573 818 1630 et
845 1567 1004 1631 Noviomi
1031 1569 1065 1632 in
1082 1567 1234 1649 Francia,

112 1672 259 1738 Pruvini
281 1672 315 1734 in
334 1669 531 1756 Campania,
551 1676 585 1733 et
607 1669 747 1732 Tornaci
771 1669 804 1731 in
827 1668 997 1752 Flandria,
1018 1677 1051 1735 et
1069 1670 1185 1734 Leodii
1202 1671 1237 1734 in

112 1774 337 1859 Lotharingia
355 1779 389 1836 et
407 1772 574 1837 Brucellis
596 1771 630 1865 in
649 1770 842 1853 Brahantia,
863 1780 942 1837 sunt
962 1772 1143 1859 hospitalia
1165 1774 1236 1859 pie-

110 1879 194 1944 tatis
218 1883 253 1941 et
280 1876 401 1940 domus
425 1873 629 1955 honestatis,
661 1873 792 1937 officine
819 1875 1019 1956 sanctitatis,
1048 1882 1237 1939 conventus

111 1980 246 2046 decoris
263 1985 296 2042 et
313 1976 498 2062 religioniS,
516 1976 644 2062 refugia
662 1999 861 2063 pauperum,
881 1978 1004 2042 asilum
1022 1979 1233 2057 miserorum,

111 2081 363 2148 consolationes
385 2079 588 2165 lugentium,
613 2078 750 2143 relectio
773 2079 1006 2162 esurientium,
1031 2081 1182 2145 suavitas
1203 2088 1237 2145 et

110 2183 282 2271 mitigatio
299 2183 522 2247 infirmorum.

144 2465 167 2507 1.
187 2456 320 2520 L'hhpital
334 2456 549 2517 Salat-Autome,
568 2457 629 2519 pres
649 2458 682 2505 de
695 2457 799 2505 Vicnne
812 2472 845 2505 en
863 2456 1016 2519 Dauphine,
1034 2458 1069 2505 ou
1092 2459 1133 2506 sut
1155 2459 1236 2507 londd

110 2521 214 2570 l’ordre
226 2519 386 2582 hospitalier
397 2520 430 2567 de
445 2534 476 2567 ce
489 2534 560 2568 nom.

144 2589 167 2631 2.
187 2581 320 2645 L'hhpital
340 2583 373 2630 de
391 2581 564 2641 Romevaux,
585 2582 657 2643 siege
676 2582 755 2630 d'une
782 2581 972 2645 congregation
997 2581 1170 2645 hospitalidre
1190 2585 1235 2646 qui

112 2645 232 2708 posstda
245 2645 380 2708 plusieurs
391 2644 511 2692 maisons
523 2658 556 2691 en
570 2644 680 2693 Franco.
