2864 4964
526 412 717 472 utrm-mur
743 409 896 473 o'nnoans
1229 407 1269 468 33

149 553 293 632 daverit,
316 552 537 616 admoneatur
556 551 591 612 in
611 551 759 636 capitulo
774 558 808 614 et
826 550 884 630 ibi,
903 550 1088 614 secundum
1110 550 1219 613 Deum
1237 534 1272 613 et

149 655 337 720 secundum
349 676 527 718 commune
538 653 717 716 consilium
731 653 881 739 capituli,
896 653 951 716 vel
962 653 1099 739 majoris
1115 660 1148 718 et
1161 652 1272 715 sanio-

148 759 196 821 ris
210 757 333 844 partis
351 756 442 843 quod
457 754 706 818 emendandum
721 754 822 820 fuerit
838 755 1046 835 emendetur,
1063 755 1109 818 ita
1124 754 1216 841 quod
1230 753 1273 816 ad

148 861 340 947 superiores
358 858 524 945 prelatos,
547 857 611 921 nisi
634 881 772 944 prorsus
797 857 1035 943 incorrigibilis
1060 857 1177 936 fuerit,
1205 880 1272 919 non

149 969 303 1050 oporteat
319 961 481 1039 laborare,
496 983 536 1023 ne
551 981 611 1046 per
626 960 863 1024 contenciones
879 959 1073 1047 hujusmodi
1090 959 1177 1023 bona
1192 982 1273 1046 pau-

149 1088 271 1153 perum
286 1064 504 1150 dissipentur.

196 1167 250 1233 56.
279 1166 376 1247 Item,
394 1166 485 1252 prior
500 1187 568 1228 non
584 1164 686 1228 donet
700 1165 853 1250 personis
866 1166 1035 1229 extraneis
1050 1164 1137 1228 bona
1153 1164 1273 1228 domus

151 1270 224 1333 sine
244 1291 385 1332 assensu
401 1267 554 1337 fratrum,
578 1289 639 1330 nec
661 1274 806 1346 mutuet,
829 1252 890 1331 nee
910 1267 1113 1347 commodet,
1136 1288 1196 1330 nec
1212 1267 1274 1331 ali-

153 1395 221 1459 quo
246 1377 420 1434 contractu
445 1369 480 1432 in
507 1369 651 1432 alienam
678 1391 817 1432 manum
845 1369 1040 1448 transferat,
1068 1369 1132 1432 nisi
1161 1369 1274 1456 aliqua

153 1473 286 1538 modica
311 1472 428 1536 exenia
449 1495 510 1558 pro
529 1470 676 1534 utilitate
697 1471 834 1545 doniuS,
861 1471 926 1535 nisi
948 1472 982 1534 in
1003 1471 1062 1534 tali
1082 1472 1154 1535 loco
1174 1470 1275 1535 fuerit

154 1576 246 1664 quod
284 1574 464 1638 consilium
491 1572 633 1636 fratrum
667 1573 782 1636 baberi
811 1597 879 1637 non
906 1574 1014 1660 possit
1041 1581 1074 1638 et
1100 1574 1274 1637 immineat

155 1677 340 1742 necessitas
355 1677 410 1740 vel
424 1675 554 1739 utilitas
570 1675 707 1756 domus;
731 1682 810 1739 tunc
831 1676 920 1739 enim
935 1683 1047 1762 potest
1062 1675 1169 1740 facere
1184 1676 1275 1763 quod

155 1780 270 1844 domui
286 1778 421 1865 expedit
441 1777 674 1841 cumconsilio
694 1777 859 1841 bonorum
874 1779 1044 1856 virorum;
1066 1779 1137 1858 sed,
1160 1779 1274 1845 statim
1307 1820 1309 1826 ·

156 1906 233 1947 cum
258 1881 411 1959 redierit,
437 1879 536 1944 debet
561 1882 624 1943 hoc
648 1879 808 1944 fratribus
832 1881 903 1944 suis
927 1881 1099 1945 notificare
1122 1890 1155 1945 et
1176 1880 1276 1945 debet

156 1984 333 2048 manifeste
348 1983 533 2047 necessitas
551 1982 605 2046 vel
621 1983 766 2061 utilitas,
784 1991 921 2070 propter
936 2007 1037 2071 quam
1058 1984 1120 2047 boc
1140 1983 1272 2063 fecerit,

155 2110 327 2175 apparere.

696 2254 733 2306 Vl

201 2409 257 2476 57.
286 2409 372 2474 Item
388 2407 522 2471 nomina
535 2407 770 2470 defunctorum
785 2406 927 2471 fratrum
943 2406 1133 2472 scribantur
1142 2407 1176 2470 in
1188 2430 1276 2472 mar-

159 2513 315 2599 tirologio
326 2519 359 2575 et
370 2509 596 2574 constituatur
608 2532 697 2572 unus
710 2509 750 2572 de
762 2509 945 2596 capellanis
958 2509 1016 2596 qui
1029 2509 1151 2574 habeat
1162 2534 1275 2575 curam

159 2615 198 2679 de
218 2612 474 2690 anniversariis,
497 2612 542 2674 ita
563 2610 653 2696 quod
673 2611 706 2673 in
727 2610 822 2675 obitu
841 2610 1108 2697 uniuscujusque
1129 2612 1275 2676 officium

158 2717 342 2782 solenniter
357 2713 544 2779 celebretur
558 2736 619 2777 nec
635 2714 787 2777 tradatur
806 2713 980 2778 oblivioni.

200 2813 256 2880 58.
283 2814 339 2877 Ad
363 2812 554 2899 sepulturas
581 2836 660 2875 vero
684 2820 754 2876 tam
779 2811 921 2876 fratrum
943 2819 976 2876 et
1001 2835 1154 2875 sororum
1173 2835 1275 2899 quam

140 2940 344 3006 ,pauperum
367 2938 484 2979 omnes
503 2913 623 2978 fratres
642 2922 713 2978 tam
734 2915 846 2979 clerici
868 2937 971 3001 quam
995 2914 1071 2978 laici
1091 2915 1163 2979 sine
1183 2938 1275 2979 mora

160 3027 347 3085 occurrant.

202 3122 256 3188 59.
285 3120 411 3186 Omnes
431 3128 544 3184 autem
560 3127 593 3183 et
613 3118 740 3197 clerici,
763 3127 797 3183 et
817 3119 892 3182 laici
913 3126 946 3183 et
966 3143 1096 3184 sorores
1117 3119 1275 3184 obediant

160 3225 258 3313 priori
278 3224 313 3287 in
335 3223 388 3286 his
408 3246 473 3309 que
493 3230 572 3286 sunt
592 3222 682 3285 licita
704 3229 737 3286 et
761 3222 921 3302 honesta,
944 3229 1106 3308 tanquam
1127 3223 1213 3309 patri
1243 3231 1277 3288 et

160 3327 306 3407 domino,
325 3327 444 3413 etipse
461 3324 646 3389 secundum
667 3325 777 3388 Deum
792 3332 888 3388 caute
903 3332 937 3388 et
957 3324 1099 3390 discrete
1120 3326 1277 3412 corripiat

161 3430 340 3518 inquietos,
363 3428 557 3492 consoletur
575 3426 820 3513 pusillanimes
838 3427 975 3512 paciens
993 3428 1035 3491 sit
1055 3429 1098 3492 ad
1122 3452 1239 3492 omnes
1251 3429 1273 3494 ¹.

203 3532 370 3599 Omnibus
397 3537 511 3595 autem
535 3531 621 3594 banc
649 3529 903 3593 institucionem
934 3531 1149 3595 servantibus
1175 3531 1277 3596 donet

164 3633 252 3700 Deus
268 3633 416 3720 graciam
432 3633 466 3695 in
481 3631 628 3719 presenti
649 3637 682 3694 et
696 3631 839 3717 gloriam
854 3631 888 3694 in
908 3631 1033 3696 futuro.
1052 3633 1175 3698 Amen.

194 3914 214 3960 1.
234 3911 368 3973 Emprunt
380 3907 483 3957 tcxtuel
503 3906 517 3954 rt
529 3907 554 3954 la
565 3905 646 3967 Regle
659 3906 692 3954 de
710 3905 781 3953 saint
791 3906 935 3967 Angustia.

227 4351 253 4391 L.
269 4349 298 4388 ιι
313 4347 392 4388 Gmno.
408 4367 423 4374 -
439 4319 531 4386 Sfotnts
551 4342 737 4385 d'Hdtela-Dieu.
